2036 3416
387 134 540 184 HORATII
557 133 688 182 FLAOOI

509 283 560 337 VI.

246 367 370 434 Surrrnr,
389 365 481 420 Gades
498 366 607 420 aditure
624 383 731 422 mecum
748 377 777 425 ct

247 443 414 497 Cantabrum
432 441 572 496 indoctum
586 441 655 510 juga
672 443 745 496 ferre
762 445 856 500 nostra
872 448 904 501 et
999 442 1000 484 l

246 519 382 572 Barbaras
400 518 494 586 Syrtes
511 517 559 571 ubi
577 517 675 572 Mama
692 535 799 588 semper

281 595 400 648 Aestuat
418 594 498 659 unda,

246 669 332 723 'libur
350 672 442 737 Argeo
460 669 578 737 positmn
596 670 689 724 colono
951 687 967 729 s

247 744 291 798 Sit
308 761 384 798 meae
402 744 481 797 sedes
498 744 604 798 utinam
622 749 753 813 senectae,

246 820 289 874 Sit
306 820 403 872 modus
421 819 491 873 lasso
508 820 592 874 maris
609 824 639 875 et
655 821 758 875 viarum

279 895 470 962 Militiaeque!

246 970 328 1024 Unde
345 969 369 1022 si
388 969 489 1023 Parcae
507 970 654 1038 prohibent
671 969 787 1039 iniquae,

246 1044 334 1098 Dulce
350 1045 452 1113 pellitis
469 1044 564 1106 ovibus
583 1045 691 1098 Galaesi

246 1120 363 1174 Flumen
381 1123 410 1173 et
426 1123 540 1187 regnata
557 1124 649 1189 petam
668 1120 766 1174 Laconi

282 1196 358 1250 Rura
377 1195 536 1248 Phalantho.

247 1271 300 1326 Ille
316 1276 452 1326 terrarum
471 1271 537 1324 mihi
555 1275 665 1338 praeter
682 1288 775 1325 omna.

248 1348 374 1416 Angulus
392 1345 466 1401 ridet
483 1346 532 1400 ubi
549 1362 603 1400 non
622 1347 754 1415 Hymetto

247 1424 332 1478 Mella
348 1423 486 1477 decedunt
502 1421 639 1490 viridique
656 1425 746 1476 certat

283 1499 370 1552 Bacca
389 1498 527 1563 Venafr03

247 1574 306 1628 Ver
322 1573 369 1626 ubi
386 1573 497 1641 longum
515 1572 678 1641 tepidasque
695 1574 810 1641 praebet

246 1649 377 1718 luppiter
394 1649 511 1716 brumas,
530 1652 560 1702 et
578 1648 679 1702 amicus
698 1648 789 1702 Aulon

248 1725 344 1780 Fertili
362 1725 469 1778 Baccho
487 1723 628 1777 minimum
647 1723 769 1777 Falernis
819 1733 823 1741 ’

283 1799 394 1853 Invidet
411 1799 477 1852 uvis.

248 1875 300 1930 Ille
317 1877 347 1928 te
364 1889 470 1928 mecum
487 1873 562 1928 locus
579 1877 608 1928 et
625 1873 723 1928 beatae

248 1949 393 2004 Postulant
409 1966 503 2014 arces3
520 1950 559 2003 ibi
576 1953 608 2003 tu
626 1950 759 2003 calentem

248 2025 350 2080 Debita
367 2041 478 2092 sparges
495 2024 606 2078 lacrima
623 2024 743 2078 favillam

284 2101 364 2155 Vatis
381 2100 467 2155 amici.

503 2241 572 2296 VII.

248 2325 273 2378 0
291 2342 377 2377 suurn
394 2339 500 2377 mecum
517 2335 627 2392 tempus
644 2321 672 2375 in
690 2321 817 2377 ultimum

249 2399 381 2466 Deducta,
400 2399 487 2452 Bruto
505 2398 619 2453 militiae
637 2398 713 2466 duce,

284 2474 350 2538 Quis
368 2478 398 2528 te
414 2474 558 2528 redonavit
576 2473 713 2538 Quiritem

317 2549 367 2603 Dis
384 2551 481 2618 patriis
501 2550 626 2618 Italoque
644 2549 724 2614 caelo,

249 2625 361 2694 Pompei
379 2642 502 2678 meorum
520 2625 608 2693 prime
627 2624 766 2691 sodalium,
829 2625 831 2632 '

248 2701 318 2755 (lum
336 2716 390 2768 quo
408 2703 559 2754 morantem
577 2715 659 2768 saepe
676 2699 749 2756 diem
767 2713 843 2752 nroro

282 2775 366 2843 Fregi
384 2779 527 2828 coronatus
545 2775 665 2828 nitentes

316 2850 489 2903 Malobathro
508 2849 584 2916 Syrio
602 2849 730 2917 capillosl

248 2926 348 2980 'lecum
367 2926 505 2994 Philippos
522 2928 551 2978 et
568 2925 683 2978 celerem
701 2925 795 2993 fugam

248 3000 326 3054 Sensi
343 3001 439 3053 relicta
455 3017 508 3052 non
525 2998 595 3052 bene
612 2999 743 3068 parmula,

284 3073 354 3126 (lum
371 3075 457 3128 fracta
474 3074 561 3126 virtus
579 3076 607 3126 ct
624 3074 743 3127 minaces

318 3145 409 3213 Turpe
427 3147 513 3199 solum
530 3147 648 3212 tetigero
665 3151 765 3206 monta·
