2044 3416
325 70 540 121 SATIRARUM
556 73 593 121 Π.
612 71 635 124 7.
860 75 907 121 153

13 191 15 216 ,
53 149 131 213 Quae
149 151 249 218 procul
267 150 413 204 exstructis
429 151 538 207 inerant
555 152 682 206 hesterna
699 153 831 207 canistris
873 166 908 208 loo

13 231 14 250 ³
53 224 127 293 Ergo
145 224 197 278 ubi
215 241 352 294 purpurea
369 230 524 293 porrectum
541 228 570 280 in
586 231 663 282 veste
680 228 778 284 locavit

56 302 215 368 agrestem,
234 300 319 354 veluti
337 303 490 356 succinctus
507 304 622 358 cursitat
638 303 736 372 hospes
767 335 770 341 ·

54 375 264 444 continuatque
282 376 368 446 dapes
385 394 435 432 uec
451 394 506 432 non
523 378 663 433 verniliter
680 379 747 448 ipsis

54 450 196 518 Fungitur
213 451 314 520 officiis,
332 453 521 521 praelambens
538 471 617 508 omne
635 455 709 522 quod
726 453 813 508 affert.

54 525 107 579 llle
125 525 233 586 cubans
249 526 354 594 gaudet
370 532 475 582 mutata
493 533 567 584 sorte
584 529 718 598 bonisque
873 543 908 584 uo

55 601 153 655 Rebus
170 602 230 669 agit
246 603 350 658 laetum
367 605 513 674 convivam,
530 621 592 658 cum
609 604 701 659 subito
717 605 814 673 ingens

55 676 208 730 Valvarum
226 678 359 746 strepitus
374 679 454 735 lectis
472 681 592 734 excussit
608 683 762 750 utrumque.

56 751 178 806 Currere
194 769 247 820 per
263 756 352 807 totum
369 755 461 822 pavidi
478 756 611 819 conclave,
628 757 769 824 magisque
868 787 870 791 ,

13 839 14 842 ’
56 827 206 880 Exanimes
224 829 364 896 trepidare
382 830 461 884 simul
478 831 575 884 domus
592 831 649 884 alta
666 831 791 884 Molossis

56 902 207 958 Personuit
218 904 338 959 canibus.
373 905 442 958 Tum
453 907 584 960 rusticus:
604 907 701 960 ‘Haud
711 907 779 960 milri
790 907 847 960 uita
873 908 905 961 ul

56 977 107 1032 Est
125 995 196 1046 opus
213 978 278 1046 hac,’
296 980 343 1046 ait,
362 980 403 1034 ‘et
419 981 523 1046 valeas;
540 997 585 1034 me
602 981 669 1035 silva
686 997 821 1050 casusque

57 1053 145 1108 Tutus
163 1052 200 1106 ab
218 1053 325 1110 insidiis
341 1054 418 1110 tenui
436 1055 567 1111 solabitur
584 1056 684 1110 ervo.'”

448 1197 517 1252 VII.

57 1276 244 1334 κὖιιιιιιιιιιιιι
261 1279 384 1335 ausculto
402 1282 432 1335 et
448 1281 559 1350 cupiens
576 1280 628 1335 tibi
646 1280 737 1334 dicere
755 1296 848 1334 servus

58 1352 151 1406 Pauca
165 1354 334 1409 reformido?
370 1355 519 1410 “Davusne
526 1356 550 1410 t'’
586 1356 659 1421 “Ita,
675 1355 774 1419 Davus
790 1356 905 1408 amicum

58 1428 228 1496 Mancipium
244 1429 354 1484 domino
372 1434 401 1486 et
417 1431 490 1498 frugi
507 1431 581 1500 quod
599 1431 635 1484 sit
653 1431 725 1498 satis,
743 1431 795 1485 hoc
812 1434 862 1498 est,

59 1502 100 1556 Ut
116 1503 202 1557 uitale
218 1505 320 1572 putes.'’
357 1505 442 1574 “Age,
460 1505 590 1560 libertate
607 1506 759 1573 Decembri,

60 1577 177 1640 Quando
194 1578 234 1632 ita
251 1580 369 1648 majores
387 1581 539 1648 voluerunt,
557 1585 650 1646 utere3
667 1581 768 1634 narra.”
870 1649 871 1653 ἵ
894 1594 907 1635 o

60 1653 149 1707 “Pars
167 1653 398 1710 hominum-vitiis
414 1657 518 1724 gaudet
535 1661 690 1712 constanter
708 1659 738 1710 et
755 1657 837 1724 urget

61 1727 250 1797 Propositum
267 1746 330 1797 pars
347 1731 434 1785 multa
451 1735 535 1799 natat,
552 1733 633 1786 modo
650 1734 725 1786 recta
742 1745 893 1800 capessens,

61 1803 208 1858 Interdum
225 1805 316 1873 pravis
334 1805 456 1860 obnoxia.
491 1807 578 1875 Saepe
595 1811 705 1861 notatus

61 1878 130 1933 Cum
148 1879 239 1933 tribus
256 1881 377 1949 ansellis,
394 1882 475 1936 modo
493 1883 570 1937 laeva
588 1882 697 1936 Priscus
714 1881 795 1948 inani,

61 1954 141 2008 Vixit
158 1955 315 2024 inaequalis,
333 1957 438 2011 clavum
455 1961 488 2011 ut
504 1960 624 2011 mutaret
641 1957 670 2008 in
687 1955 775 2022 horas,
886 1968 908 2009 lo

61 2029 190 2084 Aedibus
208 2047 243 2084 ex
263 2032 368 2100 magnis
386 2032 476 2087 subito
494 2049 524 2086 se
542 2032 679 2096 conderet,
696 2031 770 2084 unde

61 2105 194 2159 Mundior
212 2107 301 2161 exiret
317 2107 363 2161 vix
380 2107 524 2162 libertinus
541 2108 667 2170 honeste;

61 2181 125 2235 lam
143 2183 273 2236 moechus
291 2183 429 2248 Romae,
416 2199 476 2252 Jam
495 2183 589 2237 mallet
609 2181 704 2235 doctus
722 2179 840 2235 Athenis

14 2255 173 2349 Vivere,
191 2256 358 2326 Vertumnis,
377 2261 511 2326 quotquot
528 2260 599 2326 sunt,
615 2256 720 2310 natus'
713 2255 820 2324 iniquis.

14 2313 163 2386 Scurra
180 2332 349 2401 Volanerius,
367 2337 511 2402 postquam
528 2331 594 2386 illi
582 2335 642 2400 Just
643 2349 660 2386 a
676 2332 806 2400 cheragra
887 2342 910 2384 ιι

63 2407 199 2462 Contudit
216 2409 349 2476 articulos,
368 2409 415 2477 qui
432 2423 482 2477 pro
499 2424 529 2461 se
546 2407 656 2462 tolleret
673 2411 756 2476 atquo

15 2483 218 2538 Mitteret
210 2500 238 2537 m
255 2484 377 2552 phimum
394 2483 472 2551 talos,
489 2483 615 2538 merce'de
632 2482 730 2536 diurna

15 2615 16 2630 χ
63 2559 237 2613 Conductum
254 2559 344 2628 pavit;
362 2562 465 2627 quanto
482 2558 649 2612 constantior
665 2557 753 2611 isdem

63 2633 96 2688 In
113 2635 199 2701 vitiis,
217 2638 294 2688 tanto
311 2634 397 2688 levius
414 2634 497 2686 misor
515 2649 546 2687 ac
562 2633 637 2702 prior
653 2632 707 2699 illo,

63 2710 115 2775 Qui
128 2709 191 2778 jam
209 2713 344 2778 contento,
358 2709 417 2778 jam
434 2710 495 2762 laxo
513 2709 578 2762 fune
595 2706 723 2760 laborat?
887 2721 911 2760 ao

15 2779 17 2826 l
63 2785 107 2839 “N
109 2801 147 2839 on
165 2785 242 2838 dices
258 2785 347 2852 hodie,
367 2801 496 2853 quorsum
513 2783 580 2838 haec
596 2786 653 2836 tam
673 2780 770 2851 putida
786 2780 910 2847 tendant,

15 2861 16 2864 ’
64 2859 221 2916 unciaru
256 2861 320 2916 “Ad
336 2865 373 2929 te,
391 2859 524 2928 inquam.”
551 2854 642 2922 ¹“Quo
660 2858 747 2927 pacto,
761 2855 910 2925 pessimel’'

132 2935 262 2990 “Laudas

16 3071 17 3074 Ἴ
65 3010 216 3065 Fortunam
234 3014 263 3064 et
279 3027 369 3065 mores
386 3011 515 3077 antiquae
531 3007 627 3078 plebis,
645 3009 675 3061 et
691 3005 765 3059 idem

16 3163 19 3355 l

68 3085 95 3139 Si
112 3085 176 3156 quis
193 3084 230 3142 ad
246 3085 294 3140 illa
310 3086 380 3142 deus
397 3084 487 3140 subito
503 3087 534 3138 te
550 3087 615 3152 agat
631 3097 718 3150 usque
735 3097 852 3148 recuses,
