2008 3416
84 99 116 148 90

357 95 512 146 HORATII
529 97 658 147 FLAOOI

185 175 253 231 Edit
269 176 366 230 cicutis
383 176 475 230 allium
493 175 640 231 nocentius.

220 251 243 303 Ο
263 251 331 305 dura
348 267 498 305 messorum
514 250 573 305 ilia!

185 325 259 390 Quid
276 325 326 380 hoc
344 327 440 380 veneni
459 327 545 380 saeuit
562 325 590 379 in
608 326 791 395 praecordiis?
940 338 957 377 ⁵

219 401 292 454 Num
310 401 446 469 viperinus
463 401 505 454 his
523 416 603 454 cruor·

185 474 312 530 Incoctus
330 475 422 530 herbis
439 493 484 530 me
500 475 618 532 fefellitl
636 492 671 530 an
688 476 772 532 malos

219 549 334 604 Canidia
350 552 479 605 tractavit
496 550 598 618 dapes?

184 625 225 680 Ut
243 627 417 694 Argonautas
433 630 544 696 praeter
561 643 654 681 omnes
671 625 829 690 candidum¹

218 700 319 754 Medea
337 701 436 754 mirata
453 706 496 755 est
514 702 618 770 ducem,
928 722 958 763 ro

184 774 283 843 Ignota
299 776 385 830 tauris
402 776 568 844 illigatur-um
581 777 650 847 juga

219 850 349 904 Perunxit
366 851 416 906 hoc
433 852 578 919 Jasonem;

183 924 246 979 Hoc
263 925 392 982 delibutis
409 927 468 981 ulta
485 928 564 982 donis
581 929 704 999 pellicem

217 1000 350 1079 Serpente
367 1002 438 1070 fugit
454 1003 526 1059 alite.

181 1075 209 1130 N
210 1091 241 1130 ec
257 1080 351 1132 tantus
368 1094 487 1147 unquam
505 1079 625 1134 siderum
642 1078 743 1136 insedit
759 1097 845 1151 uapor
922 1102 953 1144 1⁵

216 1151 374 1208 Siticulcsae
392 1154 516 1224 Apuliae,

181 1225 208 1280 N
210 1243 240 1280 ec
257 1244 355 1282 munus
371 1228 492 1282 humeris
510 1229 624 1284 efficacis
643 1230 769 1286 Herculis

216 1302 319 1357 Inarsit
336 1305 494 1359 aestuosius.

180 1377 222 1431 At
239 1378 263 1430 si
280 1378 348 1447 quid
365 1395 483 1448 unquam
501 1379 558 1434 tale
574 1382 766 1450 concupiveris,

215 1452 313 1508 Jocose
331 1455 482 1522 Maecenas,
500 1472 597 1523 precor
917 1479 950 1521 ω

179 1527 292 1582 Manum
309 1530 401 1600 puella
419 1530 492 1584 savio
509 1535 626 1598 opponat
643 1534 692 1586 tuo

213 1603 344 1659 Extrema
361 1608 391 1660 et
406 1605 436 1660 in
454 1605 558 1674 sponda
574 1604 664 1660 cubet.

474 1747 526 1804 IV.

178 1826 263 1883 Larus
281 1831 311 1883 et
327 1827 404 1896 agnis
422 1833 524 1897 quanta
542 1829 639 1885 sortito
657 1827 763 1899 obtigit,

210 1903 310 1956 Tecum
327 1903 394 1956 mihi
412 1903 547 1958 discordia
564 1909 613 1974 est,

176 1977 314 2032 Hibericis
331 1983 443 2049 peruste
459 1980 569 2034 funibus
585 1980 658 2035 latus

209 2054 247 2108 Et
262 2072 342 2110 crura
359 2056 428 2110 dure
445 2056 583 2126 compede.

174 2127 252 2184 Licet
268 2131 402 2200 superbus
419 2131 542 2186 ambules
558 2131 679 2200 pecunia,

209 2203 331 2259 Fortuna
347 2223 400 2260 non
417 2211 507 2262 mutat
523 2223 615 2274 genus.

174 2275 301 2348 Videsne,
319 2281 428 2336 Sacram
445 2282 576 2336 metiente
593 2285 623 2334 te
640 2281 711 2334 viam

207 2353 277 2407 Cum
294 2354 337 2409 bis
353 2356 436 2410 trium
453 2359 578 2410 ulnarum
595 2360 624 2411 to

174 2425 214 2482 Ut
231 2445 279 2483 ora
296 2434 385 2486 vertat
402 2431 455 2486 huc
472 2433 572 2488 ethna
589 2435 715 2499 euntium!

205 2503 358 2560 Liberrima
374 2507 545 2575 indignatiol
914 2531 945 2574 ιο

170 2577 267 2636 flectus
284 2582 397 2651 flagellis
414 2583 458 2637 hic
475 2582 688 2638 triumviralibus

204 2654 348 2711 Praeconis
366 2657 402 2711 ad
419 2658 560 2713 fastidium

170 2730 243 2785 Arat
261 2732 369 2786 Falerni
386 2733 460 2786 mille
477 2734 556 2788 fundi
570 2735 671 2803 jugera

203 2805 241 2860 Et
259 2809 378 2877 Appiam
396 2809 502 2862 mannis
519 2811 594 2880 terit,

168 2877 359 2952 Sedilibusque
376 2899 490 2950 magnus
508 2883 537 2936 in
554 2882 650 2954 primis
667 2897 753 2950 eques
909 2903 943 2948 ιε

203 2953 312 3010 Othone
329 2961 484 3026 contempto
503 2959 597 3016 sedet!

168 3025 242 3091 Quid
258 3032 359 3086 attinet
376 3036 419 3088 tot
437 3049 484 3085 ora
501 3034 609 3088 navium
627 3031 704 3101 graui

203 3101 333 3157 Rostrata
349 3105 413 3158 duci
429 3107 550 3173 pondere
