2008 3416
293 111 498 162 CARMINUM
514 111 563 161 IV
583 112 620 161 1³,
852 113 882 162 sl

176 197 328 250 Aeternum
346 191 527 278 opprobrium,
544 191 622 261 quod
635 191 705 246 mnle
722 191 853 247 burburus

209 269 319 336 Regum
335 271 378 322 esi
395 263 452 321 ulia
468 233 601 320 libidines.
734 320 738 326 ,

83 406 86 412 ,
175 345 276 400 Diounl
292 342 322 396 in
339 339 434 396 benere
450 338 573 430 gramine
590 342 729 410 pinguium

176 416 310 476 Custodes
327 408 418 471 ovium
435 411 554 472 earmina
571 417 670 484 fistula,
863 424 884 464 io

176 495 376 563 Delectanique
393 493 474 547 deum
491 489 535 547 cui
551 509 635 561 peous
652 496 681 547 et
697 492 769 561 nigri

170 571 298 625 Colles
316 562 452 623 Arondiee
468 568 586 639 plaoeni

176 647 327 701 Adduxere
344 644 418 700 sitini
435 648 565 712 tempora,
577 643 695 712 Virgili3

176 723 230 776 Sed
245 737 371 806 pressum
389 719 498 774 Culibue
516 720 615 774 ducere
633 719 764 774 Liberum

176 797 204 852 si
220 794 336 864 gestis
323 811 457 864 Juvenum
473 795 603 849 nobilium
623 795 714 864 eliens,

208 872 302 926 Nardo
318 871 382 924 rina
398 870 546 924 merebere.

176 945 201 1002 N
202 949 262 1002 andi
276 963 378 1017 pervus
395 963 466 1012 onyx
482 947 573 1000 elieiel
590 946 687 1000 eadum

176 1023 226 1087 Qui
241 1039 314 1076 nune
331 1022 456 1090 Sulpiciis
473 1021 587 1076 accubat
602 1022 716 1089 horreis,

176 1098 241 1168 Spes
257 1098 361 1151 donare
378 1113 461 1150 noves
478 1097 569 1164 largus
586 1112 732 1165 amaraque

208 1173 341 1228 Cunerum
358 1172 449 1225 eluere
461 1171 562 1226 efficax.

176 1248 222 1302 Ad
237 1263 308 1317 qnae
325 1247 349 1300 si
366 1263 495 1316 properas
511 1246 618 1315 gaudis,
636 1263 698 1300 eum
714 1249 764 1302 lua

175 1323 261 1377 Velox
277 1338 368 1377 meroe
385 1323 464 1378 veni:
483 1339 537 1376 non
554 1339 604 1390 ego
621 1326 650 1376 le
668 1323 737 1378 meis

175 1399 327 1453 Immunem
344 1397 463 1452 meditor
480 1399 588 1466 lingere
604 1399 714 1468 poculis,

208 1474 291 1528 Plena
306 1474 385 1528 dives
402 1477 434 1526 ui
451 1474 479 1526 iu
497 1474 585 1528 domo.

175 1549 277 1603 Verum
294 1565 365 1619 pono
382 1565 473 1602 morus
489 1552 519 1602 ei
536 1549 658 1602 studium
674 1548 750 1618 lueri,

174 1625 372 1693 Nigrorumque
389 1640 499 1690 memor,
517 1623 582 1676 dum
598 1624 670 1690 lieet,
688 1623 791 1692 ignium

175 1699 258 1754 Misce
275 1699 419 1754 stultitiam
436 1699 551 1752 eonsiliis
568 1699 695 1754 brevem:

207 1775 294 1829 Dulce
311 1778 354 1829 esi
370 1773 495 1843 desipere
511 1775 540 1828 in
557 1773 623 1828 loeo.

176 1998 333 2066 Atinrvnnb,
351 1997 428 2066 Lyce,
446 1999 474 2051 di
492 2015 554 2054 mea
570 2001 640 2064 vobs,
658 1997 688 2051 di

176 2073 321 2141 Audivere,
339 2073 423 2142 Lyce:
441 2074 565 2144 fisenus,
583 2077 613 2129 ei
629 2078 721 2128 tamen

208 2148 258 2202 Vis
274 2149 392 2202 formosa
408 2149 496 2202 videri

242 2215 382 2284 Ludisque
400 2220 429 2270 ei
446 2217 517 2272 bibis
534 2217 678 2287 impudens

175 2290 211 2345 nt
228 2295 309 2345 ennlu
325 2292 441 2345 tremulo
458 2296 523 2360 poia
541 2293 702 2361 Cupidinem

175 2367 292 2420 Lentum
310 2367 445 2420 sollicitos.
481 2368 532 2420 llle
549 2369 662 2423 sireniis
679 2373 709 2424 eb

207 2440 313 2495 Doctae
329 2442 446 2508 psallere
464 2441 548 2496 Chiae

242 2515 366 2570 Pulchris
384 2517 501 2571 excubat
517 2518 546 2570 in
563 2520 646 2586 genis.
677 2553 682 2561 -
737 2523 741 2530 ’

174 2589 350 2659 Imperiunus
367 2593 439 2646 enim
457 2595 606 2647 transvolet
624 2595 715 2648 arides

174 2665 302 2735 Quercus,
320 2670 349 2720 ei
365 2667 466 2734 refugii
483 2672 513 2722 ie
530 2670 594 2738 quia
611 2669 694 2723 luridi

206 2740 318 2808 Dentes,
336 2745 365 2795 ie
383 2742 453 2810 quie·
463 2759 547 2810 rugae

241 2815 362 2884 Turpant
380 2820 409 2870 eb
425 2817 521 2887 sapidis
538 2818 620 2871 nives

172 2889 232 2945 Nee
250 2891 322 2945 Coae
338 2892 486 2945 referumi
473 2909 532 2959 Jem
549 2892 602 2944 libi
619 2907 755 2960 purpurae

172 2965 199 3020 N
201 2983 233 3020 eo
250 2967 317 3024 clari
333 2967 438 3034 lapides
456 2971 586 3036 tempora,
604 2981 674 3048 quse
692 2967 776 3019 semel

206 3041 288 3095 Notis
305 3041 413 3094 eondiie
430 3039 507 3091 iestis

243 3110 360 3165 inclusit
373 3111 487 3167 volueris
504 3109 570 3169 dies.
