2036 3416
315 123 519 176 CARMINUM
538 124 616 184 11.a,
636 125 658 172 3.

233 209 361 263 Testatur
377 205 558 274 auditumque
576 205 667 260 Medis

268 283 420 352 Hesperiae
438 282 557 336 sonitum
575 283 687 336 minaei

199 358 252 424 Qui
270 375 370 426 gurges
388 363 436 413 aut
453 375 524 428 quae
541 358 653 412 flumina
670 357 794 426 lugubris

199 435 300 502 Ignara
317 434 381 488 belli
392 436 401 488 ‘l
420 434 494 503 quod
511 451 587 488 mare
605 433 729 488 Dauniae

234 510 296 566 Non
315 510 503 564 decoloravere
521 510 638 564 medesl

269 585 345 649 Quae
362 589 438 640 caret
455 602 503 639 ora
520 603 615 640 cruore
632 586 745 639 nostrai

201 660 257 715 Sed
273 677 308 714 ne
325 661 435 729 relictis,
453 661 534 716 Musa
551 678 659 731 procax,
672 660 743 730 jocis

201 736 272 790 (leae
289 741 421 792 retractes
439 753 552 792 manera
569 738 682 792 neniae:

235 812 343 866 Mecum
361 813 483 866 Dionaeo
501 813 552 867 sub
570 817 649 868 antro

269 887 375 952 Quaere
392 889 488 943 modos
504 889 604 944 leuare
621 889 731 958 plectro.

470 1027 510 1085 ΙΙ.

200 1113 227 1168 N
229 1131 316 1168 ursus
332 1117 446 1182 argento
463 1115 536 1168 color
553 1118 597 1170 ost
614 1115 702 1170 araus

201 1191 306 1244 Abdito
323 1191 413 1253 terris,
431 1189 539 1245 inimice
556 1191 663 1244 laruuae

201 1265 296 1334 Crispe
314 1266 433 1320 Sallusti.
449 1265 503 1319 nisi
520 1269 674 1335 temperato

235 1341 384 1410 Splendeat
400 1357 459 1395 usu.

201 1415 284 1471 Vivet
301 1419 413 1471 extento
432 1415 588 1470 Proculeius
606 1433 672 1471 aevo

201 1491 291 1546 Notus
307 1493 337 1545 in
353 1493 454 1546 fratres
473 1492 556 1546 animi
574 1493 696 1561 paterni3

201 1567 283 1621 Illum
300 1571 365 1636 aget
381 1583 471 1635 penna
488 1570 628 1622 metuente
646 1567 712 1622 solvi

235 1643 319 1697 Fama
337 1647 483 1712 superstes.

201 1718 296 1773 Latius
314 1735 412 1788 regnes
428 1719 539 1774 avidum
558 1719 693 1774 domando

201 1794 340 1868 Spiritum,
358 1811 440 1864 quam
458 1795 481 1848 si
500 1795 614 1864 Libyam
633 1799 744 1850 remotis

201 1870 323 1924 Gadibus
336 1869 438 1939 jungas
455 1874 484 1926 et
501 1875 618 1941 uterque
637 1872 744 1926 Poenus

237 1946 344 2000 Serviat
362 1946 417 2000 uni.

202 2021 306 2076 Crescit
322 2022 467 2090 indulgens
485 2023 538 2077 sibi
556 2023 632 2078 dirus
649 2023 775 2092 hydrops,

201 2097 227 2150 N
229 2113 260 2151 eo
276 2097 351 2151 sitim
368 2098 447 2166 pellit
463 2099 516 2152 nisi
534 2115 615 2154 cansa
631 2098 718 2152 morbi

203 2172 316 2240 Fugerit
333 2173 410 2227 venis
428 2177 457 2228 ct
475 2191 592 2244 aquosus
611 2173 673 2228 albo

235 2249 355 2317 Corpore
371 2249 493 2317 languor.
626 2285 628 2290 ,

203 2323 353 2378 Redditum
372 2325 436 2393 Gyri
454 2325 519 2380 solio
538 2325 674 2380 Phraaten

202 2400 345 2455 Dissideus
362 2401 436 2468 plebi
453 2418 566 2456 numero
583 2402 727 2458 beatorum

203 2475 307 2531 Eximit
324 2476 429 2545 Virtus,
445 2477 629 2547 populumque
646 2479 721 2532 falsis

236 2552 360 2606 Dedecet
376 2553 418 2606 uti

202 2625 330 2696 Vocibus,
347 2644 462 2696 regnum
479 2632 510 2684 et
527 2629 654 2684 diadema
670 2631 760 2684 tutum

202 2702 335 2758 Deicrens
352 2704 400 2758 uni
417 2705 609 2775 propriamque
626 2705 732 2758 laurum

204 2778 332 2848 Quisquis
349 2779 474 2848 ingentes
492 2781 569 2836 oculo
587 2781 719 2836 inretorto

236 2855 350 2925 Spectat
367 2872 482 2910 acervos.

462 2999 521 3056 111.

204 3085 330 3142 Areum
347 3086 485 3137 memento
502 3081 585 3135 rebus
602 3081 631 3137 in
649 3081 743 3137 arduis

203 3159 319 3212 Servare
336 3162 464 3220 mentem,
482 3173 536 3207 non
554 3171 631 3206 secus
648 3156 677 3206 in
693 3156 771 3208 bouis

881 120 913 177 at

887 517 913 558 35
