2044 3416
112 131 159 182 rel
386 129 540 180 HORATII
556 129 687 179 FLAOOI

110 209 212 266 Libera
226 225 278 280 per
295 222 408 265 vacuum
426 207 505 279 posui
522 209 639 278 vestigia
654 209 790 280 princeps,
901 257 905 266 .

109 285 172 340 Non
190 286 279 340 aliena
296 303 357 342 meo
374 285 462 356 pressi
479 286 560 355 pede.
595 285 650 350 Qui
667 283 720 340 sibi
737 287 800 341 fidit

110 361 174 414 Dux
191 362 264 430 regit
282 379 403 416 examen.
439 360 535 416 Parios
553 379 603 431 ego
620 362 724 430 primus
743 361 847 416 iambos

109 435 227 491 Ostendi
245 436 332 508 Latio,
350 454 478 492 numeros
495 438 654 506 animosque
672 441 782 492 secutus

110 512 274 582 Archilochi,
291 531 346 568 nou
363 531 408 568 res
426 518 455 568 et
472 513 583 582 agentia
600 512 685 566 verba
703 512 864 581 Lycamben
951 535 987 577 25
1015 499 1016 502 Ἰ

110 589 155 643 Ac
170 604 206 642 ne
222 605 267 642 me
283 589 356 642 foliis
372 589 436 643 ideo
452 588 623 643 brevioribus
640 604 722 642 omes

110 662 191 727 Quod
207 664 287 718 timui
304 669 412 719 mutare
428 664 524 718 modos
542 668 572 718 et
588 663 716 717 carminis
734 666 831 732 artem,

57 760 62 768 ·
110 737 257 808 Temperat
274 740 431 794 Archilochi
449 739 558 793 Musam
575 739 647 809 pede
663 738 784 794 mascula
801 739 928 811 Sappho,

110 813 256 883 Temperat
274 815 400 882 Alcaeus,
418 815 567 874 sedrebus
585 818 614 868 ct
632 813 728 868 ordine
748 813 849 884 dispar,

110 887 169 943 Nec
186 906 308 944 socerum
326 891 436 960 quaerit
452 907 535 960 quem
551 889 676 944 versibus
692 889 797 943 oblinat
813 890 891 958 atris,
951 911 983 951 ao

110 963 170 1018 Nec
187 981 300 1035 sponsae
317 967 444 1036 laqueum
462 967 565 1021 famoso
582 965 702 1020 carmine
718 965 812 1020 nectit.

111 1040 193 1095 Hunc
211 1057 261 1110 ego
278 1029 332 1096 ndu
349 1041 402 1096 alio
419 1041 524 1096 dictum
540 1041 616 1110 prius
634 1057 681 1094 ore
700 1039 816 1094 Latinus

110 1114 228 1184 Vulgari
245 1117 360 1184 fidicen;
373 1117 455 1186 juvat
471 1118 660 1172 immemorata
676 1116 813 1170 ferentem

111 1190 242 1259 Ingenuis
259 1193 397 1264 osculisque
414 1193 468 1262 legi
486 1192 665 1262 manibusque
682 1191 780 1246 teneri.

111 1266 186 1320 Scire
203 1268 271 1323 velis
287 1285 349 1324 mea
366 1285 414 1323 cur
431 1269 554 1336 ingratus
571 1266 701 1336 opuscula
716 1266 802 1321 lector

111 1341 220 1397 Laudat
236 1348 363 1413 ametque
381 1343 461 1407 domi,
480 1346 588 1412 premat
605 1345 685 1396 extra
701 1342 785 1396 limen
802 1341 945 1411 iniquus?
1015 1349 1016 1362 ²

111 1417 137 1469 N
139 1433 174 1470 on
191 1435 241 1486 ego
258 1423 387 1474 ventosae
403 1417 492 1487 plebis
509 1417 637 1486 suffragia
653 1433 737 1471 venor

112 1491 246 1562 Impensis
263 1511 407 1550 coenarum
425 1497 455 1548 et
472 1493 556 1548 tritae
573 1509 686 1547 munere
704 1493 805 1559 vestis3

111 1565 174 1621 Non
192 1585 242 1638 ego
259 1569 389 1623 nobilium
407 1569 569 1638 scriptorum
585 1568 695 1622 auditor
712 1572 742 1622 et
758 1569 831 1622 ultor

112 1639 307 1696 Grammaticus
324 1642 428 1696 ambire
445 1642 535 1696 tribus
553 1646 582 1696 et
599 1642 706 1712 pulpita
724 1643 836 1711 dignor:
946 1662 977 1704 so
1015 1631 1016 1698 J

112 1717 185 1771 Hinc
201 1718 264 1771 illae
280 1717 416 1772 lacrimae.
451 1717 574 1787 “Spissis
590 1717 703 1786 indigna
720 1718 837 1772 theatris

112 1792 219 1861 Scripta
235 1793 322 1861 pudet
338 1793 455 1846 recitare
472 1797 502 1846 et
518 1793 598 1860 nugis
616 1793 720 1848 addere
737 1791 867 1863 pondus,''

112 1866 141 1920 Si
158 1867 228 1922 dixi:
247 1867 376 1932 “Rides’'
394 1867 441 1936 ait,
460 1867 511 1922 “et
528 1869 547 1922 J
550 1868 608 1922 ovis
625 1867 738 1922 auribus
755 1867 810 1922 ista

112 1942 223 2009 Servas;
239 1941 302 1995 fidis
319 1943 390 1996 enim
407 1959 518 1998 manare
536 1943 642 2012 podtica
657 1937 741 1998 mella

111 2018 150 2075 Te
167 2019 260 2086 solum,
276 2017 328 2074 tibi
345 2014 479 2088 pulcher.⁴'
517 2018 565 2072 Ad
582 2019 650 2074 haec
668 2036 719 2088 ego
736 2018 849 2074 naribus
866 2021 912 2075 uti
943 2040 971 2080 ss

111 2094 248 2162 Formido,
266 2098 295 2149 et
312 2095 441 2149 luctantis
458 2098 538 2149 acuto
555 2111 590 2148 ne
609 2111 686 2150 secer
702 2095 795 2163 ungui,

111 2170 268 2240 “Displicet
284 2171 337 2246 iste
354 2170 451 2240 locus‚”
469 2171 563 2239 clamo,
581 2169 626 2224 “et
644 2170 749 2224 diludia
766 2171 867 2238 posce.”

92 2267 94 2272 ·
110 2245 205 2300 Ludus
222 2246 293 2299 enim
309 2247 405 2314 genuit
422 2247 563 2314 trepidum
582 2249 724 2300 certamen
741 2249 771 2300 et
787 2246 865 2314 iram,

111 2321 159 2376 ira
174 2323 266 2376 truces
282 2320 438 2376 inimicitias
455 2323 616 2399 ct·funebre
633 2321 743 2378 bellum.

504 2463 567 2518 XX.

109 2547 296 2602 Vnnrunnun
313 2545 333 2600 J
334 2561 477 2616 anumque,
495 2547 574 2616 liber,
592 2549 716 2616 spectare
733 2544 845 2615 videris,

108 2622 218 2677 Scilicet
235 2625 268 2677 ut
283 2626 390 2691 prostes
408 2622 545 2677 Sosiorum
562 2623 669 2692 pumice
686 2621 813 2676 mundus.

109 2697 199 2752 Odisti
216 2697 305 2755 claves
322 2701 352 2752 et
368 2701 448 2770 grata
464 2697 552 2765 sigilla
568 2697 684 2766 pudioo;

108 2773 207 2828 Paucis
223 2772 331 2828 ostendi
348 2772 436 2841 gemis
453 2776 483 2827 et
500 2773 651 2826 communia
668 2771 772 2840 laudas,

107 2847 171 2903 Non
188 2849 228 2903 ita
245 2849 372 2904 nutritus.
407 2848 483 2917 Fuge
500 2864 554 2919 quo
572 2847 739 2903 descendere
755 2845 848 2916 gestis.
958 2861 972 2902 s
1015 2817 1016 2870 ἕ

107 2923 134 2976 N
136 2940 170 2976 on
188 2924 242 2976 erit
259 2924 357 2977 emisso
374 2925 481 2978 reditus
498 2925 557 2978 tibi.
592 2924 691 2993 “Quid
707 2923 791 2996 miser
808 2922 874 2991 egil

108 2995 180 3058 Quid
197 2997 269 3049 volui
279 2998 304 3051 l''
327 2998 402 3050 dices
418 2999 466 3051 uhi
484 3001 591 3068 quista
608 2998 733 3066 laeserit3
751 3002 780 3052 et
797 2999 851 3054 scis

108 3067 142 3119 In
159 3067 243 3119 breve
260 3073 289 3122 te
306 3071 366 3136 cogi
383 3087 444 3124 cum
461 3073 558 3142 plenus
574 3073 687 3141 languet
704 3077 817 3130 amator.

108 3138 211 3201 Quodsi
227 3155 282 3194 nou
298 3143 362 3194 odio
378 3146 515 3210 peccantis
532 3147 634 3214 desipit
651 3165 745 3222 augur,
