2044 3416
116 103 161 167 1s'o
388 115 541 166 nouaurr
557 117 688 178 rancor

113 197 200 264 'Pergo
217 195 322 265 plector
339 196 418 249 enim.
454 195 506 260 Qui
524 198 556 249 tu
572 193 732 264 impunitior
748 197 795 250 illa
960 221 1015 276 105¹

114 271 190 336 Quae
206 288 289 340 parvo
308 272 377 324 sumi
394 274 533 338 nequeunt
551 271 662 324 obsonia
680 274 791 339 coptasl

113 347 219 416 Nempe
237 347 434 400 inamarescunt
451 346 547 414 epulae
565 346 623 399 sine
640 346 694 400 fine
711 347 822 415 petitae.

114 422 246 491 Illusique
263 423 347 492 pedes
365 422 491 475 vitiosum
508 421 581 474 ferre
599 426 726 476 recusant

113 497 225 566 Corpus.
261 501 308 552 An
324 497 367 551 hic
384 502 485 565 peccat,
503 496 554 550 sub
571 501 679 551 noctem
696 498 743 565 qui
761 514 830 566 puer
850 517 958 558 uvam

113 573 226 627 Furtiva
243 576 332 626 mutat
348 573 459 639 strigili:
478 573 525 640 qui
542 572 656 640 praedia
672 572 773 640 vendit,
954 597 993 636 mo

112 648 160 702 Nil
178 648 275 702 servile
292 648 371 715 gulae
387 663 485 715 pareus
503 647 605 701 habeti
642 646 733 715 Adde,
751 647 826 716 quod
843 648 941 707 idem

112 723 139 777 N
141 740 175 776 on
192 723 285 776 horam
302 726 393 775 tecum
410 738 470 775 esse
487 725 573 790 potes,
591 738 645 774 uon
663 723 719 776 otia
736 726 811 776 recte

113 797 225 865 Ponere,
242 800 326 865 teque
343 797 432 865 ipsum
450 797 528 863 vitas,
546 797 676 864 fugitivus
694 801 723 850 et
741 813 810 865 erro,

112 872 176 926 Jam
194 873 255 925 vino
273 887 414 940 quaerens,
430 871 490 939 jam
508 889 601 925 somno
618 871 712 926 fallere
730 889 836 926 curam:

112 945 237 1011 Frustra
244 963 307 1000 nam
315 962 405 999 comes
412 951 473 999 atra
479 947 580 1015 premit
587 947 765 1015 sequiturque
772 947 937 1014 nugacem?
949 969 989 1010 115

111 1020 126 1048 ‘⁶
135 1021 216 1076 Unde
227 1021 293 1074 mihi
304 1021 423 1091 lapidem
432 1021 507 1076 l’'—“
515 1021 650 1087 Quorsum
662 1025 704 1076 est
716 1037 784 1091 opus
793 1023 874 1078 i”-“
884 1025 988 1084 Unde

180 1097 295 1165 sagittas
305 1098 330 1152 l''

110 1171 187 1224 “Aut
204 1171 305 1226 insanit
321 1171 403 1226 homo
420 1176 469 1227 aut
485 1188 580 1226 versus
597 1172 683 1226 fecit?
713 1171 811 1226 “Ocius
829 1172 900 1230 hinc
921 1180 962 1233 te

111 1245 148 1300 Ni
165 1246 246 1316 rapis,
264 1247 377 1302 accedes
394 1264 477 1316 opera
494 1264 560 1315 agro
577 1264 648 1302 nona
665 1247 787 1303 Sabino?²

499 1382 584 1438 VIII.

110 1471 173 1526 “Ur
191 1471 334 1528 Nasidieni
348 1472 422 1542 juvit
439 1475 468 1528 te
486 1489 569 1526 coena
586 1472 680 1529 bentii

110 1545 182 1601 Nam
199 1548 267 1601 mihi
285 1548 428 1618 quaerenti
445 1548 583 1601 convivam
601 1548 690 1603 dictus
707 1549 774 1604 here
790 1549 845 1604 illic

110 1621 154 1676 De
171 1623 261 1677 medio
279 1627 374 1692 potare
393 1623 459 1676 die.”
490 1623 559 1676 “Sic
576 1626 608 1677 ut
625 1623 691 1676 mihi
709 1639 846 1693 nunquam

111 1697 145 1750 In
162 1699 219 1752 vita
235 1698 320 1752 fuerit
337 1697 455 1751 melius.''
485 1697 501 1726 “
508 1698 558 1766 Da,
578 1699 600 1751 si
617 1715 699 1766 grave
716 1715 770 1753 non
788 1703 837 1766 est,

110 1772 186 1836 Quae
203 1773 291 1841 prima
308 1773 408 1825 iratum
426 1776 550 1828 ventrem
567 1773 714 1842 placaverit
731 1775 815 1828 esca.’'
965 1795 982 1837 5

111 1847 277 1914 “Inprimis
295 1846 419 1900 Lucanus
435 1863 502 1916 aper
511 1869 518 1913 ;
536 1848 591 1901 leni
608 1849 661 1902 fuit
680 1850 785 1903 Austro

110 1922 220 1990 Captus,
238 1924 269 1975 ut
286 1921 377 1976 aiebat
394 1939 493 1976 coenae
509 1927 605 1992 pater;
622 1924 695 1978 acria
712 1924 813 1978 circum
860 1925 862 1930 '

110 1997 224 2066 Rapula,
241 1996 370 2066 lactucae,
388 1997 501 2066 radices,
519 1999 609 2066 qualia
626 1999 728 2053 lassum
815 2047 820 2053 ..

110 2073 270 2128 Pervellunt
287 2073 462 2140 stomachum,
480 2073 554 2141 siser,
571 2074 647 2143 allec,
663 2073 770 2129 faecula
787 2075 850 2130 Ooa.

110 2148 164 2202 His
181 2148 228 2202 ubi
246 2148 360 2202 sublatis
377 2165 446 2217 puer
463 2148 520 2202 alte
536 2149 639 2203 cinctus
656 2165 781 2204 acernam
950 2169 977 2208 ro

110 2223 235 2292 Gausapa
252 2239 389 2292 purpureo
406 2239 526 2276 mensam
543 2226 681 2294 pertersit,
698 2229 728 2280 et
744 2226 815 2280 alter

110 2297 235 2365 Sublegit
252 2298 433 2365 quodcunque
446 2298 553 2366 jaceret
570 2299 666 2354 inutile
684 2301 812 2370 quodque

110 2374 208 2427 Posset
225 2376 370 2426 coenantes
387 2373 539 2439 offendere3
556 2378 589 2428 ut
607 2375 703 2428 Attica
719 2376 795 2444 virgo

110 2449 179 2503 (lum
197 2447 280 2502 sacris
298 2447 407 2502 Cereris
424 2449 549 2517 procedit
566 2449 658 2504 luscus
676 2450 820 2519 Hydaspes

110 2524 234 2579 Caecuba
251 2523 314 2577 vina
330 2523 428 2592 ferens,
446 2525 533 2578 Alcon
552 2524 650 2578 Chium
667 2526 750 2579 maris
766 2540 872 2593 expers
945 2541 972 2583 15

109 2599 164 2654 Hic
181 2601 278 2654 herus:
297 2598 443 2665 Albanum,
461 2599 613 2666 Maecenas,
632 2599 689 2654 sive
707 2600 854 2654 Falernum

109 2675 147 2729 'le
164 2676 250 2743 magis
268 2675 399 2743 appositis
417 2673 542 2742 delectat,
559 2675 691 2729 habemus
707 2673 877 2744 utrumque.”

109 2749 247 2803 “Divitias
264 2751 394 2804 miseras!
431 2749 487 2802 Sed
505 2750 566 2818 quis
585 2750 762 2804 coenantibus
779 2766 842 2817 una,

109 2824 243 2891 Fundani,
260 2825 373 2893 pulchre
389 2824 473 2878 fuerit
490 2824 550 2891 tibi,
567 2841 646 2878 nosse
664 2825 778 2880 laboro.²'
860 2862 865 2873 ⁴

109 2899 259 2952 “Summus
271 2916 322 2966 ego
333 2903 363 2953 et
373 2915 458 2968 prope
469 2915 513 2952 me
525 2899 623 2952 Viscus
636 2901 771 2954 Thurinus
783 2903 813 2954 et
824 2900 898 2955 infra
936 2920 965 2960 so

97 2972 139 3024 -si
156 2973 266 3023 memini
285 2973 399 3038 Varius;
417 2989 477 3024 cum
496 2974 608 3026 Servilio
627 2975 774 3032 Balatrone

109 3041 245 3108 Vibidius,
263 3059 330 3108 quas
348 3045 491 3097 Maecenas
509 3047 661 3102 adduxerat
678 3051 796 3103 umbras.

7 3133 8 3140 ,
111 3112 295 3164 Nomentanus
313 3120 372 3166 erat
390 3131 471 3180 super
488 3117 586 3182 ipsum,
604 3120 717 3174 Porcius
734 3123 804 3178 infra
