2044 3416
374 92 590 144 SATIRARUM
607 95 645 143 ΙΙ
664 95 686 145 7.
878 96 923 142 155

58 173 135 226 Cum
153 176 188 227 te
206 171 338 226 formidet
353 173 451 226 mulier
468 189 557 242 neque
577 173 672 228 credat
688 175 796 242 amanti,
901 187 924 228 σε

14 233 123 300 Ibis
144 247 201 300 sub
218 247 323 300 furcam
341 247 462 316 prudens
478 249 642 318 dominoque
659 249 763 304 furenti

14 324 235 378 Committes
248 340 307 376 rem
318 340 426 377 omnem
440 327 470 378 et
479 325 564 378 vitam
577 329 679 379 etcum
692 341 804 394 corpore
816 325 922 379 lamam.

61 399 170 466 Erash,
191 398 277 452 credo
296 403 403 452 metues
422 400 486 453 doct
474 403 575 470 tueque
597 400 717 455 cavebis:

62 475 193 538 Quaeres
212 475 323 542 quando
341 475 444 528 iterum
461 492 562 543 paveas
580 476 735 544 iterumque
752 475 843 544 perire

62 549 167 616 Possis,
188 565 206 602 0
223 550 307 603 toties
325 555 434 604 servus!
455 551 531 614 Quae
549 551 640 605 bellua
656 552 752 620 ruptis,
899 568 923 608 11

62 626 136 678 Cum
154 626 244 680 semel
264 626 365 694 effugit,
383 626 477 680 reddit
497 644 526 680 se
544 643 628 696 prava
644 628 764 682 catenis?

63 701 128 754 Non
141 717 206 755 sum
217 701 354 769 moechus,
366 702 413 755 ais.
449 703 546 771 Neque
558 719 609 770 ego
621 702 730 756 hercule
742 702 787 756 fur
798 701 846 772 nbi
857 719 922 756 rasa

64 775 218 830 Praetereo
238 777 345 845 sapiens
363 781 507 845 argentea:
526 779 593 832 tolle
609 779 748 847 periclum,

63 852 81 903 J
83 868 131 904 am
149 867 223 919 vaga
239 852 363 920 prosiliet
379 853 463 906 frenis
480 857 579 907 natura
596 855 715 908 remotis.

62 926 142 980 Tune
160 927 232 980 mihi
250 926 383 995 dominus,
401 945 493 982 rerum
510 929 632 998 imperiis
650 929 842 998 hominumque
897 944 920 984 7⁵

63 1001 117 1056 'lot
134 1002 279 1071 tantisque
297 1003 393 1070 minor,
412 1021 495 1072 quem
511 1007 557 1058 ter
573 1005 695 1058 vindicta
711 1009 862 1073 quaterque

64 1077 202 1146 imposita
221 1077 296 1130 haud
312 1095 433 1147 unquam
451 1079 550 1132 misera
567 1079 713 1133 formidine
730 1079 837 1148 privetl

64 1153 150 1207 Adde
169 1169 253 1220 super
271 1152 352 1206 dictis
370 1153 444 1222 quod
460 1171 514 1208 non
531 1155 617 1209 larius
635 1156 738 1209 valeat:
757 1171 820 1208 nam

64 1228 130 1282 Sive
147 1228 267 1282 vicarius
286 1231 329 1282 est
350 1229 398 1297 qui
416 1245 493 1284 servo
511 1235 598 1298 paret,
617 1231 659 1284 uti
675 1247 734 1284 mos

63 1302 170 1358 Vester
182 1304 229 1370 ait,
243 1319 292 1357 scu
303 1319 463 1370 conservum
480 1305 532 1358 tibi
545 1305 612 1374 quid
624 1322 682 1358 sum
696 1307 763 1373 egoi
794 1305 901 1373 Nempe

65 1378 105 1433 Tu
124 1379 193 1432 mihi
211 1379 259 1447 qui
278 1379 419 1448 imperitas
437 1380 483 1434 alii
503 1381 588 1434 servis
606 1381 690 1434 miser
709 1385 792 1449 atque
894 1395 917 1433 ai

64 1455 184 1509 Duceris
201 1459 234 1508 ut
251 1455 341 1508 nervis
360 1455 456 1509 alienis
473 1457 574 1510 mobile
591 1457 701 1524 lignum.

66 1529 199 1594 Quisnam
216 1530 303 1598 igitur
319 1529 409 1584 liberi
445 1531 559 1600 Sapiens
577 1531 629 1584 sibi
648 1532 694 1600 qui
712 1531 880 1600 imperiosus,

66 1606 154 1669 Quem
162 1621 254 1673 neque
261 1607 405 1674 pauperies
414 1623 503 1675 neque
512 1623 585 1660 mors
594 1623 683 1675 neque
691 1606 797 1659 vincula
805 1607 917 1672 terrent,

66 1679 240 1750 Responsum
257 1681 437 1751 cupidinibus,
456 1686 630 1736 contemnere
647 1682 762 1734 honores
893 1695 917 1734 ee

66 1755 166 1824 Fortis,
185 1759 214 1810 et
232 1757 260 1808 in
279 1773 308 1810 se
325 1757 384 1826 ipso
401 1761 484 1824 totus,
502 1761 583 1825 teres,
602 1761 685 1825 atque
701 1755 842 1823 rotundus,

65 1829 184 1885 Externi
201 1832 322 1900 nequid
340 1833 429 1886 valeat
445 1849 496 1900 per
513 1833 573 1886 leve
591 1832 698 1899 morari,

66 1906 98 1960 In
117 1921 201 1975 quem
220 1923 315 1960 manca
331 1907 389 1961 ruit
406 1923 515 1977 semper
531 1907 647 1962 fortuna.
683 1907 800 1961 Potesne

66 1982 107 2035 Nx
124 1982 170 2035 his
187 1985 221 2036 ut
237 1983 377 2052 proprium
394 1983 462 2052 quid
479 1985 610 2037 nosceret
647 1982 772 2050 Quinque
789 1982 893 2036 talenta

65 2056 158 2111 Poscit
176 2061 205 2110 te
223 2055 327 2126 mulier,
345 2061 428 2112 vexat
445 2057 602 2127 foribusque
619 2057 757 2124 repulsum
893 2073 917 2112 91

66 2131 213 2186 Perfundit
231 2133 329 2201 gelida,
348 2150 442 2187 rursus
460 2137 554 2198 vocat;
573 2133 648 2201 eripe
664 2131 739 2199 turpi

66 2208 141 2262 Colla
154 2207 239 2276 jugo;
258 2208 348 2278 Liber,
365 2209 436 2263 liber
454 2225 521 2276 sum,
540 2209 584 2261 dic
602 2224 659 2275 age.
694 2207 719 2260 N
722 2223 756 2260 on
774 2207 849 2276 quis;

66 2283 157 2352 Urget
176 2284 249 2337 enim
268 2283 393 2337 dominus
411 2287 532 2338 mentem
549 2299 602 2336 non
619 2283 688 2336 lenis
706 2286 735 2337 et
752 2300 828 2338 acres

66 2358 210 2428 Subjeetat
227 2359 297 2412 lasso
319 2359 443 2413 stimulos
461 2361 608 2427 versatque
626 2362 778 2426 negantem.

66 2431 115 2488 Vel
135 2451 200 2488 cum
218 2433 348 2488 Pausiaca
365 2438 465 2503 torpes,
483 2433 584 2500 insane,
603 2433 710 2500 tabella,
894 2447 917 2488 95

14 2513 15 2516 ’
66 2509 115 2574 Qui
134 2525 233 2579 peccas
251 2509 340 2562 minus
358 2513 441 2578 atque
459 2525 517 2576 ego,
536 2525 597 2562 cum
616 2508 694 2561 Nulvi
713 2507 894 2576 Rutubaeque

65 2589 122 2640 Aut
142 2584 301 2638 Pacideiani
319 2588 446 2638 contento
464 2585 568 2654 poplite
540 2584 670 2638 tmiror

66 2660 174 2715 Proelia
190 2659 300 2714 rubrica
317 2661 393 2730 picta
411 2663 458 2714 aut
476 2660 599 2728 carbone,
617 2658 691 2711 velut
709 2656 732 2709 si

66 2735 105 2791 Ite
121 2753 190 2792 vera
207 2738 336 2806 pugnent,
355 2736 463 2803 feriant,
482 2737 508 2788 vi
511 2738 624 2802 tentque
641 2733 782 2784 moventes

66 2813 153 2866 Arina
169 2811 241 2867 viril
277 2812 403 2881 Nequam
423 2815 452 2865 et
470 2814 587 2866 cessator
606 2809 713 2872 Davus;
730 2805 784 2861 at
777 2821 836 2874 ipse
883 2821 917 2863 loo

66 2888 133 2943 Subt
134 2887 243 2942 ilist
196 2891 322 2942 veterum
335 2887 424 2956 judex
443 2889 471 2939 et
459 2885 602 2939 toallidus
620 2882 705 2936 andis.

67 2963 110 3018 Nil
128 2979 180 3032 ego
199 2963 222 3016 si
241 2963 327 3016 ducor
345 2963 399 3016 libo
417 2963 551 3014 fumante.
569 2958 684 3013 tibi'o
638 2975 684 3025 mg
685 2973 732 3010 ens

68 3037 163 3094 Virtus
179 3040 264 3106 atque
282 3038 387 3092 animus
405 3037 496 3090 coenis
514 3036 655 3104 responsat
673 3031 769 3100 opimis

69 3113 235 3182 Obsequium
251 3113 356 3168 ventris
373 3111 439 3166 mihi
456 3108 632 3178 perniciosius
650 3111 693 3162 est
710 3109 778 3164 euri

107 3189 136 3234 13
