2036 3416
311 141 516 193 CARMINUM
532 143 585 195 111.
604 148 628 197 4.

183 225 278 281 Visam
296 225 443 281 Britannos
459 225 613 295 hospitibus
630 227 703 284 faros
740 239 758 266 ⁶

184 301 222 358 nt
238 303 341 356 laetum
358 302 457 371 equino
475 303 605 371 sanguine
622 303 784 376 Concanum,

218 377 313 431 Visam
329 377 503 447 pharetratos
520 379 639 434 Gelonos

253 452 290 507 lit
307 453 462 522 Scythicum
479 454 623 508 inviolatus
641 471 755 513 amnem.

188 527 246 581 Vos
262 528 407 582 Gaesarem
425 529 519 597 altum,
537 529 634 583 militia
651 531 732 586 simul

185 603 281 658 Fessus
297 604 422 658 cohortos
438 604 549 659 addidit
565 606 680 675 oppidis,

220 679 312 734 Ilinire
329 684 507 750 quaerentem
523 680 655 735 laboress

252 755 341 808 Pierio
358 757 488 810 recreatis
504 759 591 810 antro.

186 828 243 882 Vos
259 830 321 884 lene
338 831 477 884 consilium
495 834 525 885 et
542 831 614 884 datis
631 835 660 886 et
677 833 743 886 dato

186 905 316 959 Gaudetis
333 906 427 960 almae.
462 906 574 972 Scimus,
591 911 624 962 ut
641 907 739 976 impios

218 980 328 1034 Titanas
344 982 545 1050 immanemque
562 985 681 1036 turmam

252 1056 377 1125 Fulmina
395 1057 536 1112 sustulerit
552 1058 661 1125 caduco,

186 1130 238 1194 Qui
254 1135 358 1186 terram
375 1131 497 1200 inertem,
516 1133 563 1202 qui
581 1149 656 1186 mere
673 1135 810 1201 temperat

189 1205 343 1276 Ventoeum,
361 1210 390 1262 et
406 1207 490 1261 urbes
506 1224 646 1276 regnaque
663 1208 754 1262 tristia

209 1281 356 1351 ‚Divosque
372 1283 556 1352 mortalesque
573 1283 670 1337 turbas

253 1358 372 1426 Imperio
388 1358 461 1426 regit
477 1373 547 1411 unus
564 1373 659 1426 aequo.

184 1430 314 1500 Magnum
331 1433 378 1486 illa
394 1437 529 1486 terrorem
546 1434 675 1487 intulerat
693 1433 757 1490 Jovi

185 1507 285 1562 Fidens
298 1507 430 1576 juventus
447 1508 560 1562 horrida
576 1508 702 1577 brachiis,

217 1583 383 1652 Fratreeque
399 1583 546 1638 tendentes
563 1599 647 1653 opaco
682 1623 687 1642 1

251 1659 346 1712 Pelion
362 1659 522 1726 imposuisse
540 1658 663 1728 Olympo.

185 1733 239 1788 Sed
256 1733 324 1803 quid
341 1734 482 1802 Typhoeus
499 1738 529 1788 et
546 1735 652 1787 validus
668 1733 777 1804 Mimas,

184 1811 241 1884 Aut
258 1809 326 1878 quid
343 1809 441 1864 minaci
459 1809 627 1877 Porphyrion
644 1813 726 1876 statu,

216 1885 289 1950 Quid
308 1885 430 1940 Rhoetus
448 1885 601 1953 evulsisque
618 1885 723 1938 truncis

249 1960 402 2014 Enceladus
415 1960 551 2028 jaculator
567 1959 657 2012 audax

184 2035 283 2090 Contra
300 2039 440 2088 sonantem
458 2035 578 2088 Palladis
594 2034 692 2101 aegida
715 2083 721 2089 .

183 2109 298 2164 Possent
314 2113 445 2166 ruentesl
481 2111 555 2164 Hinc
572 2110 668 2163 avidus
686 2109 765 2164 stetit

215 2187 361 2254 Vulcanus,
378 2186 441 2238 hinc
458 2189 582 2240 matrona
599 2185 673 2237 June
690 2187 719 2238 et
762 2240 769 2254 ⁴

248 2261 396 2330 Nunquam
413 2261 535 2314 humeris
551 2260 689 2330 positmus
706 2275 806 2330 arcum,

182 2335 234 2400 Qui
251 2353 314 2390 rore
330 2352 398 2404 puro
417 2337 551 2390 Castaliae
568 2335 635 2388 lavit

182 2412 277 2466 Gnues
295 2412 404 2480 solutos,
422 2412 469 2480 qui
485 2411 583 2478 Lyciae
600 2413 677 2467 tenet

213 2485 333 2540 Dumeta
349 2486 521 2554 natalemque
539 2486 642 2550 silvam,

247 2563 343 2616 Delius
361 2566 390 2615 et
408 2561 539 2614 Patareus
558 2561 664 2630 Apollo.

179 2635 230 2690 Vis
246 2637 340 2691 consili
358 2653 456 2706 expers
473 2637 544 2690 mole
561 2637 617 2690 ruit
634 2651 698 2692 sua:
738 2690 744 2702 ,

182 2711 244 2766 Vim
260 2717 442 2781 temperatam
460 2712 489 2765 di
506 2727 615 2780 quoque
631 2707 783 2779 provehunt

212 2787 247 2841 In
264 2789 371 2856 majus3
388 2787 463 2841 idem
480 2787 563 2840 odere
580 2787 653 2840 vires

246 2862 339 2917 Omne·
351 2863 427 2917 nefas
444 2863 533 2916 animo
550 2861 697 2914 moventes.

178 2936 266 2991 'iestis
283 2955 406 2992 mearum
422 2937 590 2991 centimanus
608 2934 680 3000 Gyas

177 3011 387 3080 Sententiarum,
405 3016 486 3066 notus
504 3015 533 3064 et
550 3011 672 3077 integrao

210 3087 342 3141 'laniator
360 3088 444 3140 Orion
462 3086 567 3138 Dianae

244 3162 376 3228 Virginea
393 3160 512 3213 domitius
529 3159 636 3225 sagitta
