<?xml version="1.0" encoding="UTF-8"?>
<!DOCTYPE html PUBLIC "-//W3C//DTD XHTML 1.0 Transitional//EN"
    "http://www.w3.org/TR/xhtml1/DTD/xhtml1-transitional.dtd">
<html xmlns="http://www.w3.org/1999/xhtml" xml:lang="en" lang="en">
 <head>
  <title>
</title>
<meta http-equiv="Content-Type" content="text/html;charset=utf-8" />
  <meta name='ocr-system' content='tesseract 3.04.00' />
  <meta name='ocr-capabilities' content='ocr_page ocr_carea ocr_par ocr_line ocrx_word'/>
</head>
<body>
  <div class='ocr_page' id='page_1' title='image "./quintihoratiifl01maclgoog_0159.png"; bbox 0 0 2008 3416; ppageno 0'>
   <div class='ocr_carea' id='block_1_1' title="bbox 83 50 658 111">
    <p class='ocr_par' dir='ltr' id='par_1_1' title="bbox 83 50 658 111">
     <span class='ocr_line' id='line_1_1' title="bbox 83 50 658 111; baseline -0.003 -7"><span class='ocrx_word' id='word_1_1' title='bbox 83 51 129 111; x_wconf 75' lang='lat'><strong>146</strong></span> <span class='ocrx_word' id='word_1_2' title='bbox 357 50 511 100; x_wconf 83' lang='lat' dir='ltr'>HORATII</span> <span class='ocrx_word' id='word_1_3' title='bbox 528 51 658 106; x_wconf 77' lang='lat' dir='ltr'>ELAOGI</span> 
     </span>
    </p>
   </div>
   <div class='ocr_carea' id='block_1_2' title="bbox 16 129 994 3149">
    <p class='ocr_par' dir='ltr' id='par_1_2' title="bbox 82 129 781 200">
     <span class='ocr_line' id='line_1_2' title="bbox 82 129 781 200; baseline -0.001 -13"><span class='ocrx_word' id='word_1_4' title='bbox 82 129 239 186; x_wconf 87' lang='lat' dir='ltr'><strong>Pectinibus</strong></span> <span class='ocrx_word' id='word_1_5' title='bbox 257 129 357 200; x_wconf 88' lang='lat' dir='ltr'><strong>patulis</strong></span> <span class='ocrx_word' id='word_1_6' title='bbox 371 129 461 198; x_wconf 84' lang='lat' dir='ltr'><strong>jactat</strong></span> <span class='ocrx_word' id='word_1_7' title='bbox 478 148 508 186; x_wconf 88' lang='lat' dir='ltr'><strong>ss</strong></span> <span class='ocrx_word' id='word_1_8' title='bbox 525 131 606 185; x_wconf 90' lang='lat' dir='ltr'><strong>molle</strong></span> <span class='ocrx_word' id='word_1_9' title='bbox 624 131 781 186; x_wconf 77' lang='lat' dir='ltr'><strong>Tarentum.</strong></span> 
     </span>
    </p>

    <p class='ocr_par' dir='ltr' id='par_1_3' title="bbox 81 197 961 352">
     <span class='ocr_line' id='line_1_3' title="bbox 81 197 961 276; baseline 0.003 -14"><span class='ocrx_word' id='word_1_10' title='bbox 81 205 108 261; x_wconf 88' lang='lat' dir='ltr'>N</span> <span class='ocrx_word' id='word_1_11' title='bbox 110 224 141 262; x_wconf 89' lang='lat' dir='ltr'><strong>ec</strong></span> <span class='ocrx_word' id='word_1_12' title='bbox 158 197 210 260; x_wconf 82' lang='lat' dir='ltr'><strong>sibi</strong></span> <span class='ocrx_word' id='word_1_13' title='bbox 227 222 372 260; x_wconf 89' lang='lat' dir='ltr'><strong>coenarum</strong></span> <span class='ocrx_word' id='word_1_14' title='bbox 390 207 479 276; x_wconf 82' lang='lat' dir='ltr'><strong>quivis</strong></span> <span class='ocrx_word' id='word_1_15' title='bbox 496 210 601 261; x_wconf 89' lang='lat' dir='ltr'><strong>temere</strong></span> <span class='ocrx_word' id='word_1_16' title='bbox 618 207 735 275; x_wconf 78' lang='lat' dir='ltr'>adroget</span> <span class='ocrx_word' id='word_1_17' title='bbox 751 210 849 274; x_wconf 84' lang='lat' dir='ltr'><strong>artem,</strong></span> <span class='ocrx_word' id='word_1_18' title='bbox 926 225 961 265; x_wconf 76' lang='lat'><strong>35</strong></span> 
     </span>
     <span class='ocr_line' id='line_1_4' title="bbox 81 282 727 352; baseline 0.002 -16"><span class='ocrx_word' id='word_1_19' title='bbox 81 282 109 336; x_wconf 90' lang='lat' dir='ltr'>N</span> <span class='ocrx_word' id='word_1_20' title='bbox 110 299 144 336; x_wconf 91' lang='lat' dir='ltr'><strong>on</strong></span> <span class='ocrx_word' id='word_1_21' title='bbox 161 282 238 350; x_wconf 91' lang='lat' dir='ltr'><strong>prius</strong></span> <span class='ocrx_word' id='word_1_22' title='bbox 255 286 352 336; x_wconf 87' lang='lat' dir='ltr'><strong>exacta</strong></span> <span class='ocrx_word' id='word_1_23' title='bbox 368 283 446 336; x_wconf 89' lang='lat' dir='ltr'><strong>tenui</strong></span> <span class='ocrx_word' id='word_1_24' title='bbox 466 282 572 337; x_wconf 90' lang='lat' dir='ltr'><strong>ratione</strong></span> <span class='ocrx_word' id='word_1_25' title='bbox 593 299 727 352; x_wconf 86' lang='lat' dir='ltr'><strong>saporum</strong></span> 
     </span>
    </p>

    <p class='ocr_par' dir='ltr' id='par_1_4' title="bbox 81 357 759 427">
     <span class='ocr_line' id='line_1_5' title="bbox 81 357 759 427; baseline -0.006 -13"><span class='ocrx_word' id='word_1_26' title='bbox 81 357 108 414; x_wconf 88' lang='lat' dir='ltr'>N</span> <span class='ocrx_word' id='word_1_27' title='bbox 110 375 141 414; x_wconf 90' lang='lat' dir='ltr'><strong>ec</strong></span> <span class='ocrx_word' id='word_1_28' title='bbox 158 357 225 412; x_wconf 89' lang='lat' dir='ltr'><strong>satis</strong></span> <span class='ocrx_word' id='word_1_29' title='bbox 243 360 287 412; x_wconf 91' lang='lat' dir='ltr'><strong>est</strong></span> <span class='ocrx_word' id='word_1_30' title='bbox 303 374 367 412; x_wconf 86' lang='lat' dir='ltr'><strong>cara</strong></span> <span class='ocrx_word' id='word_1_31' title='bbox 383 359 471 427; x_wconf 82' lang='lat' dir='ltr'>pisces</span> <span class='ocrx_word' id='word_1_32' title='bbox 488 360 614 412; x_wconf 82' lang='lat' dir='ltr'><strong>avertere</strong></span> <span class='ocrx_word' id='word_1_33' title='bbox 632 374 726 411; x_wconf 91' lang='lat' dir='ltr'><strong>mensa</strong></span> <span class='ocrx_word' id='word_1_34' title='bbox 757 407 759 410; x_wconf 86' lang='lat'>.</span> 
     </span>
    </p>

    <p class='ocr_par' dir='ltr' id='par_1_5' title="bbox 81 433 815 580">
     <span class='ocr_line' id='line_1_6' title="bbox 81 433 809 504; baseline -0.001 -16"><span class='ocrx_word' id='word_1_35' title='bbox 81 433 212 504; x_wconf 83' lang='lat' dir='ltr'><strong>Ignarum</strong></span> <span class='ocrx_word' id='word_1_36' title='bbox 230 433 328 504; x_wconf 90' lang='lat' dir='ltr'><strong>quibus</strong></span> <span class='ocrx_word' id='word_1_37' title='bbox 346 437 389 488; x_wconf 89' lang='lat' dir='ltr'><strong>est</strong></span> <span class='ocrx_word' id='word_1_38' title='bbox 401 433 450 503; x_wconf 87' lang='lat' dir='ltr'><strong>jus</strong></span> <span class='ocrx_word' id='word_1_39' title='bbox 467 434 557 503; x_wconf 90' lang='lat' dir='ltr'><strong>aptius</strong></span> <span class='ocrx_word' id='word_1_40' title='bbox 575 437 606 488; x_wconf 91' lang='lat' dir='ltr'><strong>et</strong></span> <span class='ocrx_word' id='word_1_41' title='bbox 623 433 722 503; x_wconf 92' lang='lat' dir='ltr'><strong>quibus</strong></span> <span class='ocrx_word' id='word_1_42' title='bbox 739 433 809 487; x_wconf 84' lang='lat' dir='ltr'><strong>assis</strong></span> 
     </span>
     <span class='ocr_line' id='line_1_7' title="bbox 82 509 815 580; baseline -0.001 -16"><span class='ocrx_word' id='word_1_43' title='bbox 82 509 240 580; x_wconf 82' lang='lat' dir='ltr'><strong>Languidus</strong></span> <span class='ocrx_word' id='word_1_44' title='bbox 257 509 286 564; x_wconf 92' lang='lat' dir='ltr'><strong>in</strong></span> <span class='ocrx_word' id='word_1_45' title='bbox 304 509 427 563; x_wconf 90' lang='lat' dir='ltr'><strong>cubitum</strong></span> <span class='ocrx_word' id='word_1_46' title='bbox 440 509 500 578; x_wconf 90' lang='lat' dir='ltr'><strong>jam</strong></span> <span class='ocrx_word' id='word_1_47' title='bbox 518 526 548 563; x_wconf 87' lang='lat' dir='ltr'><strong>se</strong></span> <span class='ocrx_word' id='word_1_48' title='bbox 566 509 678 563; x_wconf 82' lang='lat' dir='ltr'><strong>conviva</strong></span> <span class='ocrx_word' id='word_1_49' title='bbox 694 511 815 578; x_wconf 87' lang='lat' dir='ltr'><strong>reponet</strong></span> 
     </span>
    </p>

    <p class='ocr_par' dir='ltr' id='par_1_6' title="bbox 81 582 952 731">
     <span class='ocr_line' id='line_1_8' title="bbox 81 582 952 653; baseline -0.003 -12"><span class='ocrx_word' id='word_1_50' title='bbox 81 583 187 640; x_wconf 88' lang='lat' dir='ltr'><strong>Umber</strong></span> <span class='ocrx_word' id='word_1_51' title='bbox 203 589 233 640; x_wconf 92' lang='lat' dir='ltr'><strong>et</strong></span> <span class='ocrx_word' id='word_1_52' title='bbox 249 585 333 653; x_wconf 80' lang='lat' dir='ltr'>iligna</span> <span class='ocrx_word' id='word_1_53' title='bbox 349 585 469 639; x_wconf 88' lang='lat' dir='ltr'><strong>nutritus</strong></span> <span class='ocrx_word' id='word_1_54' title='bbox 486 582 586 653; x_wconf 86' lang='lat' dir='ltr'><strong>glande</strong></span> <span class='ocrx_word' id='word_1_55' title='bbox 603 583 735 638; x_wconf 87' lang='lat' dir='ltr'><strong>rotundas</strong></span> <span class='ocrx_word' id='word_1_56' title='bbox 919 601 952 640; x_wconf 76' lang='lat' dir='ltr'><strong>ec</strong></span> 
     </span>
     <span class='ocr_line' id='line_1_9' title="bbox 81 660 780 731; baseline -0.003 -15"><span class='ocrx_word' id='word_1_57' title='bbox 81 662 185 716; x_wconf 81' lang='lat' dir='ltr'><strong>Currat</strong></span> <span class='ocrx_word' id='word_1_58' title='bbox 202 677 268 731; x_wconf 87' lang='lat' dir='ltr'><strong>aper</strong></span> <span class='ocrx_word' id='word_1_59' title='bbox 285 661 375 714; x_wconf 89' lang='lat' dir='ltr'><strong>lances</strong></span> <span class='ocrx_word' id='word_1_60' title='bbox 395 677 503 714; x_wconf 90' lang='lat' dir='ltr'><strong>carnem</strong></span> <span class='ocrx_word' id='word_1_61' title='bbox 521 660 633 714; x_wconf 84' lang='lat' dir='ltr'><strong>vitantis</strong></span> <span class='ocrx_word' id='word_1_62' title='bbox 650 660 780 724; x_wconf 86' lang='lat' dir='ltr'><strong>inertem;</strong></span> 
     </span>
    </p>

    <p class='ocr_par' dir='ltr' id='par_1_7' title="bbox 81 734 889 956">
     <span class='ocr_line' id='line_1_10' title="bbox 81 734 889 808; baseline -0.004 -17"><span class='ocrx_word' id='word_1_63' title='bbox 81 737 154 791; x_wconf 87' lang='lat' dir='ltr'><strong>Nam</strong></span> <span class='ocrx_word' id='word_1_64' title='bbox 173 737 295 790; x_wconf 82' lang='lat' dir='ltr'><strong>Laurens</strong></span> <span class='ocrx_word' id='word_1_65' title='bbox 312 736 400 790; x_wconf 90' lang='lat' dir='ltr'><strong>malus</strong></span> <span class='ocrx_word' id='word_1_66' title='bbox 418 740 467 805; x_wconf 92' lang='lat' dir='ltr'><strong>est,</strong></span> <span class='ocrx_word' id='word_1_67' title='bbox 485 735 555 790; x_wconf 84' lang='lat' dir='ltr'><strong>ulvis</strong></span> <span class='ocrx_word' id='word_1_68' title='bbox 573 739 603 790; x_wconf 91' lang='lat' dir='ltr'><strong>et</strong></span> <span class='ocrx_word' id='word_1_69' title='bbox 619 734 889 808; x_wconf 82' lang='lat' dir='ltr'><strong>amndinepinguis.</strong></span> 
     </span>
     <span class='ocr_line' id='line_1_11' title="bbox 82 811 862 881; baseline 0 -15"><span class='ocrx_word' id='word_1_70' title='bbox 82 813 170 866; x_wconf 82' lang='lat' dir='ltr'><strong>Vinea</strong></span> <span class='ocrx_word' id='word_1_71' title='bbox 188 811 325 866; x_wconf 75' lang='lat' dir='ltr'><strong>submittit</strong></span> <span class='ocrx_word' id='word_1_72' title='bbox 343 827 454 880; x_wconf 89' lang='lat' dir='ltr'><strong>capreas</strong></span> <span class='ocrx_word' id='word_1_73' title='bbox 472 828 526 864; x_wconf 92' lang='lat' dir='ltr'><strong>non</strong></span> <span class='ocrx_word' id='word_1_74' title='bbox 544 828 653 880; x_wconf 85' lang='lat' dir='ltr'><strong>semper</strong></span> <span class='ocrx_word' id='word_1_75' title='bbox 671 811 774 868; x_wconf 89' lang='lat' dir='ltr'><strong>edules.</strong></span> <span class='ocrx_word' id='word_1_76' title='bbox 854 871 862 881; x_wconf 74' lang='lat'>,</span> 
     </span>
     <span class='ocr_line' id='line_1_12' title="bbox 82 887 750 956; baseline 0 -14"><span class='ocrx_word' id='word_1_77' title='bbox 82 888 227 944; x_wconf 83' lang='lat' dir='ltr'><strong>Fecundae</strong></span> <span class='ocrx_word' id='word_1_78' title='bbox 244 887 344 956; x_wconf 89' lang='lat' dir='ltr'><strong>leporis</strong></span> <span class='ocrx_word' id='word_1_79' title='bbox 362 887 468 956; x_wconf 88' lang='lat' dir='ltr'><strong>sapiens</strong></span> <span class='ocrx_word' id='word_1_80' title='bbox 486 887 638 942; x_wconf 81' lang='lat' dir='ltr'><strong>sectabitur</strong></span> <span class='ocrx_word' id='word_1_81' title='bbox 654 903 750 942; x_wconf 86' lang='lat' dir='ltr'><strong>armos.</strong></span> 
     </span>
    </p>

    <p class='ocr_par' dir='ltr' id='par_1_8' title="bbox 82 962 947 1109">
     <span class='ocr_line' id='line_1_13' title="bbox 82 962 947 1033; baseline 0.001 -15"><span class='ocrx_word' id='word_1_82' title='bbox 82 963 206 1018; x_wconf 84' lang='lat' dir='ltr'><strong>Piscibus</strong></span> <span class='ocrx_word' id='word_1_83' title='bbox 222 966 307 1032; x_wconf 90' lang='lat' dir='ltr'><strong>atque</strong></span> <span class='ocrx_word' id='word_1_84' title='bbox 324 962 419 1018; x_wconf 87' lang='lat' dir='ltr'><strong>avibus</strong></span> <span class='ocrx_word' id='word_1_85' title='bbox 437 981 507 1033; x_wconf 88' lang='lat' dir='ltr'><strong>quae</strong></span> <span class='ocrx_word' id='word_1_86' title='bbox 524 967 623 1018; x_wconf 90' lang='lat' dir='ltr'><strong>natura</strong></span> <span class='ocrx_word' id='word_1_87' title='bbox 640 967 670 1018; x_wconf 91' lang='lat' dir='ltr'><strong>et</strong></span> <span class='ocrx_word' id='word_1_88' title='bbox 686 964 758 1018; x_wconf 86' lang='lat' dir='ltr'><strong>foret</strong></span> <span class='ocrx_word' id='word_1_89' title='bbox 774 965 850 1018; x_wconf 83' lang='lat' dir='ltr'><strong>aetas</strong></span> <span class='ocrx_word' id='word_1_90' title='bbox 913 979 947 1019; x_wconf 73' lang='lat' dir='ltr'><strong>ss</strong></span> 
     </span>
     <span class='ocr_line' id='line_1_14' title="bbox 82 1039 745 1109; baseline 0 -15"><span class='ocrx_word' id='word_1_91' title='bbox 82 1041 157 1096; x_wconf 87' lang='lat' dir='ltr'><strong>Ante</strong></span> <span class='ocrx_word' id='word_1_92' title='bbox 173 1057 265 1095; x_wconf 92' lang='lat' dir='ltr'><strong>meum</strong></span> <span class='ocrx_word' id='word_1_93' title='bbox 282 1039 350 1093; x_wconf 89' lang='lat' dir='ltr'><strong>nulli</strong></span> <span class='ocrx_word' id='word_1_94' title='bbox 367 1040 458 1109; x_wconf 83' lang='lat' dir='ltr'><strong>patuit</strong></span> <span class='ocrx_word' id='word_1_95' title='bbox 476 1040 745 1109; x_wconf 82' lang='lat' dir='ltr'><strong>quaesitapalatum.</strong></span> 
     </span>
    </p>

    <p class='ocr_par' dir='ltr' id='par_1_9' title="bbox 81 1112 920 1262">
     <span class='ocr_line' id='line_1_15' title="bbox 81 1112 920 1187; baseline -0.004 -16"><span class='ocrx_word' id='word_1_96' title='bbox 81 1116 151 1172; x_wconf 80' lang='lat' dir='ltr'><strong>Sunt</strong></span> <span class='ocrx_word' id='word_1_97' title='bbox 169 1132 283 1187; x_wconf 90' lang='lat' dir='ltr'><strong>quorum</strong></span> <span class='ocrx_word' id='word_1_98' title='bbox 300 1115 439 1184; x_wconf 85' lang='lat' dir='ltr'><strong>ingenium</strong></span> <span class='ocrx_word' id='word_1_99' title='bbox 457 1132 527 1170; x_wconf 87' lang='lat' dir='ltr'><strong>nova</strong></span> <span class='ocrx_word' id='word_1_100' title='bbox 544 1119 651 1170; x_wconf 89' lang='lat' dir='ltr'><strong>tantum</strong></span> <span class='ocrx_word' id='word_1_101' title='bbox 668 1115 789 1170; x_wconf 84' lang='lat' dir='ltr'><strong>crustula</strong></span> <span class='ocrx_word' id='word_1_102' title='bbox 804 1112 920 1184; x_wconf 89' lang='lat' dir='ltr'><strong>promit.</strong></span> 
     </span>
     <span class='ocr_line' id='line_1_16' title="bbox 81 1191 807 1262; baseline -0.003 -16"><span class='ocrx_word' id='word_1_103' title='bbox 81 1193 262 1262; x_wconf 80' lang='lat' dir='ltr'><strong>Nequaquam</strong></span> <span class='ocrx_word' id='word_1_104' title='bbox 280 1191 346 1245; x_wconf 91' lang='lat' dir='ltr'><strong>satis</strong></span> <span class='ocrx_word' id='word_1_105' title='bbox 363 1191 393 1246; x_wconf 90' lang='lat' dir='ltr'><strong>in</strong></span> <span class='ocrx_word' id='word_1_106' title='bbox 410 1208 441 1246; x_wconf 91' lang='lat' dir='ltr'><strong>re</strong></span> <span class='ocrx_word' id='word_1_107' title='bbox 459 1207 514 1245; x_wconf 88' lang='lat' dir='ltr'><strong>una</strong></span> <span class='ocrx_word' id='word_1_108' title='bbox 531 1207 690 1245; x_wconf 83' lang='lat' dir='ltr'><strong>consumere</strong></span> <span class='ocrx_word' id='word_1_109' title='bbox 708 1208 807 1258; x_wconf 84' lang='lat' dir='ltr'><strong>curam,</strong></span> 
     </span>
    </p>

    <p class='ocr_par' dir='ltr' id='par_1_10' title="bbox 80 1265 836 1338">
     <span class='ocr_line' id='line_1_17' title="bbox 80 1265 836 1338; baseline -0.003 -16"><span class='ocrx_word' id='word_1_110' title='bbox 80 1267 122 1322; x_wconf 89' lang='lat' dir='ltr'><strong>Ut</strong></span> <span class='ocrx_word' id='word_1_111' title='bbox 138 1269 161 1324; x_wconf 90' lang='lat' dir='ltr'><strong>si</strong></span> <span class='ocrx_word' id='word_1_112' title='bbox 179 1269 240 1338; x_wconf 92' lang='lat' dir='ltr'><strong>quis</strong></span> <span class='ocrx_word' id='word_1_113' title='bbox 257 1266 344 1322; x_wconf 91' lang='lat' dir='ltr'><strong>solum</strong></span> <span class='ocrx_word' id='word_1_114' title='bbox 362 1267 412 1322; x_wconf 90' lang='lat' dir='ltr'><strong>hoc</strong></span> <span class='ocrx_word' id='word_1_115' title='bbox 429 1267 501 1321; x_wconf 88' lang='lat' dir='ltr'><strong>mala</strong></span> <span class='ocrx_word' id='word_1_116' title='bbox 518 1283 553 1321; x_wconf 89' lang='lat' dir='ltr'><strong>ne</strong></span> <span class='ocrx_word' id='word_1_117' title='bbox 571 1267 627 1322; x_wconf 91' lang='lat' dir='ltr'><strong>sint</strong></span> <span class='ocrx_word' id='word_1_118' title='bbox 644 1267 707 1322; x_wconf 83' lang='lat' dir='ltr'><strong>vina</strong></span> <span class='ocrx_word' id='word_1_119' title='bbox 723 1265 836 1334; x_wconf 89' lang='lat' dir='ltr'><strong>laboret,</strong></span> 
     </span>
    </p>

    <p class='ocr_par' dir='ltr' id='par_1_11' title="bbox 81 1342 943 1488">
     <span class='ocr_line' id='line_1_18' title="bbox 81 1342 943 1412; baseline 0 -14"><span class='ocrx_word' id='word_1_120' title='bbox 81 1343 161 1408; x_wconf 79' lang='lat' dir='ltr'><strong>Quali</strong></span> <span class='ocrx_word' id='word_1_121' title='bbox 178 1343 326 1412; x_wconf 86' lang='lat' dir='ltr'><strong>perfundat</strong></span> <span class='ocrx_word' id='word_1_122' title='bbox 342 1343 432 1412; x_wconf 87' lang='lat' dir='ltr'><strong>pisces</strong></span> <span class='ocrx_word' id='word_1_123' title='bbox 450 1359 561 1398; x_wconf 90' lang='lat' dir='ltr'><strong>securus</strong></span> <span class='ocrx_word' id='word_1_124' title='bbox 578 1342 656 1398; x_wconf 87' lang='lat' dir='ltr'><strong>olivo.</strong></span> <span class='ocrx_word' id='word_1_125' title='bbox 909 1357 943 1398; x_wconf 75' lang='lat' dir='ltr'><strong>oo</strong></span> 
     </span>
     <span class='ocr_line' id='line_1_19' title="bbox 81 1417 677 1488; baseline -0.002 -14"><span class='ocrx_word' id='word_1_126' title='bbox 81 1419 198 1474; x_wconf 89' lang='lat' dir='ltr'><strong>Massica</strong></span> <span class='ocrx_word' id='word_1_127' title='bbox 215 1418 239 1472; x_wconf 88' lang='lat' dir='ltr'><strong>si</strong></span> <span class='ocrx_word' id='word_1_128' title='bbox 256 1417 330 1472; x_wconf 87' lang='lat' dir='ltr'><strong>caelo</strong></span> <span class='ocrx_word' id='word_1_129' title='bbox 348 1435 482 1488; x_wconf 88' lang='lat' dir='ltr'><strong>suppones</strong></span> <span class='ocrx_word' id='word_1_130' title='bbox 500 1418 563 1472; x_wconf 84' lang='lat' dir='ltr'><strong>vina</strong></span> <span class='ocrx_word' id='word_1_131' title='bbox 580 1434 677 1473; x_wconf 88' lang='lat' dir='ltr'><strong>sereno</strong></span> 
     </span>
    </p>

    <p class='ocr_par' dir='ltr' id='par_1_12' title="bbox 81 1485 853 1563">
     <span class='ocr_line' id='line_1_20' title="bbox 81 1485 853 1563; baseline -0.001 -14"><span class='ocrx_word' id='word_1_132' title='bbox 81 1485 223 1549; x_wconf 79' lang='lat' dir='ltr'><strong>Nocturna</strong></span> <span class='ocrx_word' id='word_1_133' title='bbox 241 1493 264 1548; x_wconf 94' lang='lat' dir='ltr'><strong>si</strong></span> <span class='ocrx_word' id='word_1_134' title='bbox 282 1492 350 1563; x_wconf 91' lang='lat' dir='ltr'><strong>quid</strong></span> <span class='ocrx_word' id='word_1_135' title='bbox 366 1494 450 1548; x_wconf 89' lang='lat' dir='ltr'><strong>crassi</strong></span> <span class='ocrx_word' id='word_1_136' title='bbox 468 1496 511 1548; x_wconf 92' lang='lat' dir='ltr'><strong>est</strong></span> <span class='ocrx_word' id='word_1_137' title='bbox 528 1493 688 1548; x_wconf 80' lang='lat' dir='ltr'><strong>tenuabitur</strong></span> <span class='ocrx_word' id='word_1_138' title='bbox 704 1509 778 1563; x_wconf 88' lang='lat' dir='ltr'><strong>aura,</strong></span> <span class='ocrx_word' id='word_1_139' title='bbox 850 1533 853 1540; x_wconf 24' lang='lat' dir='ltr'><strong>s</strong></span> 
     </span>
    </p>

    <p class='ocr_par' dir='ltr' id='par_1_13' title="bbox 82 1569 710 1634">
     <span class='ocr_line' id='line_1_21' title="bbox 82 1569 710 1634; baseline -0.002 -10"><span class='ocrx_word' id='word_1_140' title='bbox 82 1570 119 1624; x_wconf 80' lang='lat' dir='ltr'><strong>ut</strong></span> <span class='ocrx_word' id='word_1_141' title='bbox 136 1569 251 1624; x_wconf 87' lang='lat' dir='ltr'><strong>decedet</strong></span> <span class='ocrx_word' id='word_1_142' title='bbox 268 1569 336 1623; x_wconf 87' lang='lat' dir='ltr'><strong>odor</strong></span> <span class='ocrx_word' id='word_1_143' title='bbox 352 1569 442 1624; x_wconf 86' lang='lat' dir='ltr'><strong>nervis</strong></span> <span class='ocrx_word' id='word_1_144' title='bbox 459 1569 598 1634; x_wconf 87' lang='lat' dir='ltr'><strong>inimicus;</strong></span> <span class='ocrx_word' id='word_1_145' title='bbox 616 1572 646 1629; x_wconf 86' lang='lat' dir='ltr'><strong>at</strong></span> <span class='ocrx_word' id='word_1_146' title='bbox 662 1569 710 1623; x_wconf 88' lang='lat' dir='ltr'><strong>illa</strong></span> 
     </span>
    </p>

    <p class='ocr_par' dir='ltr' id='par_1_14' title="bbox 49 1645 703 1714">
     <span class='ocr_line' id='line_1_22' title="bbox 49 1645 703 1714; baseline -0.003 -14"><span class='ocrx_word' id='word_1_147' title='bbox 49 1671 52 1678; x_wconf 90' lang='grc'><em>·</em></span> <span class='ocrx_word' id='word_1_148' title='bbox 82 1645 228 1714; x_wconf 84' lang='lat' dir='ltr'><strong>Integrum</strong></span> <span class='ocrx_word' id='word_1_149' title='bbox 245 1645 366 1714; x_wconf 88' lang='lat' dir='ltr'><strong>perdunt</strong></span> <span class='ocrx_word' id='word_1_150' title='bbox 383 1645 438 1698; x_wconf 92' lang='lat' dir='ltr'><strong>lino</strong></span> <span class='ocrx_word' id='word_1_151' title='bbox 456 1645 553 1699; x_wconf 85' lang='lat' dir='ltr'><strong>vitiata</strong></span> <span class='ocrx_word' id='word_1_152' title='bbox 570 1661 703 1714; x_wconf 85' lang='lat' dir='ltr'><strong>saporem.</strong></span> 
     </span>
    </p>

    <p class='ocr_par' dir='ltr' id='par_1_15' title="bbox 82 1720 994 1865">
     <span class='ocr_line' id='line_1_23' title="bbox 82 1720 994 1788; baseline 0 -12"><span class='ocrx_word' id='word_1_153' title='bbox 82 1722 245 1776; x_wconf 85' lang='lat' dir='ltr'><strong>Surrentina</strong></span> <span class='ocrx_word' id='word_1_154' title='bbox 261 1721 337 1774; x_wconf 74' lang='lat' dir='ltr'><strong>valer</strong></span> <span class='ocrx_word' id='word_1_155' title='bbox 355 1721 402 1788; x_wconf 92' lang='lat' dir='ltr'><strong>qui</strong></span> <span class='ocrx_word' id='word_1_156' title='bbox 419 1720 516 1775; x_wconf 87' lang='lat' dir='ltr'><strong>miscet</strong></span> <span class='ocrx_word' id='word_1_157' title='bbox 532 1721 609 1774; x_wconf 82' lang='lat' dir='ltr'><strong>faece</strong></span> <span class='ocrx_word' id='word_1_158' title='bbox 628 1721 743 1776; x_wconf 86' lang='lat' dir='ltr'><strong>Falerna</strong></span> <span class='ocrx_word' id='word_1_159' title='bbox 909 1734 940 1776; x_wconf 77' lang='lat' dir='ltr'><strong>ss</strong></span> <span class='ocrx_word' id='word_1_160' title='bbox 993 1779 994 1784; x_wconf 7' lang='grc' dir='ltr'>χ</span> 
     </span>
     <span class='ocr_line' id='line_1_24' title="bbox 83 1795 721 1865; baseline -0.002 -14"><span class='ocrx_word' id='word_1_161' title='bbox 83 1795 324 1852; x_wconf 67' lang='lat' dir='ltr'><strong>Viua&#39;columbino</strong></span> <span class='ocrx_word' id='word_1_162' title='bbox 341 1795 437 1848; x_wconf 89' lang='lat' dir='ltr'><strong>limum</strong></span> <span class='ocrx_word' id='word_1_163' title='bbox 454 1796 524 1850; x_wconf 91' lang='lat' dir='ltr'><strong>bene</strong></span> <span class='ocrx_word' id='word_1_164' title='bbox 542 1796 646 1865; x_wconf 71' lang='lat' dir='ltr'><strong>colligit</strong></span> <span class='ocrx_word' id='word_1_165' title='bbox 663 1812 721 1864; x_wconf 86' lang='lat' dir='ltr'><strong>ovo,</strong></span> 
     </span>
    </p>

    <p class='ocr_par' dir='ltr' id='par_1_16' title="bbox 83 1870 750 1938">
     <span class='ocr_line' id='line_1_25' title="bbox 83 1870 750 1938; baseline -0.003 -12"><span class='ocrx_word' id='word_1_166' title='bbox 83 1873 223 1937; x_wconf 83' lang='lat' dir='ltr'><strong>Quatenus</strong></span> <span class='ocrx_word' id='word_1_167' title='bbox 240 1871 295 1923; x_wconf 85' lang='lat' dir='ltr'><strong>ima</strong></span> <span class='ocrx_word' id='word_1_168' title='bbox 311 1870 384 1938; x_wconf 89' lang='lat' dir='ltr'><strong>petit</strong></span> <span class='ocrx_word' id='word_1_169' title='bbox 400 1871 511 1926; x_wconf 86' lang='lat' dir='ltr'><strong>volvens</strong></span> <span class='ocrx_word' id='word_1_170' title='bbox 528 1871 616 1926; x_wconf 90' lang='lat' dir='ltr'><strong>aliena</strong></span> <span class='ocrx_word' id='word_1_171' title='bbox 632 1871 750 1926; x_wconf 84' lang='lat' dir='ltr'><strong>vitellus.</strong></span> 
     </span>
    </p>

    <p class='ocr_par' dir='ltr' id='par_1_17' title="bbox 83 1947 765 2016">
     <span class='ocr_line' id='line_1_26' title="bbox 83 1947 765 2016; baseline -0.001 -15"><span class='ocrx_word' id='word_1_172' title='bbox 83 1947 172 2002; x_wconf 82' lang='lat' dir='ltr'><strong>&#39;lostis</strong></span> <span class='ocrx_word' id='word_1_173' title='bbox 188 1949 355 2001; x_wconf 88' lang='lat' dir='ltr'><strong>marcentem</strong></span> <span class='ocrx_word' id='word_1_174' title='bbox 373 1947 478 2016; x_wconf 89' lang='lat' dir='ltr'><strong>squillis</strong></span> <span class='ocrx_word' id='word_1_175' title='bbox 495 1947 630 2002; x_wconf 89' lang='lat' dir='ltr'><strong>recreabis</strong></span> <span class='ocrx_word' id='word_1_176' title='bbox 648 1951 678 2002; x_wconf 92' lang='lat' dir='ltr'><strong>et</strong></span> <span class='ocrx_word' id='word_1_177' title='bbox 695 1947 765 2001; x_wconf 85' lang='lat' dir='ltr'><strong>Afra</strong></span> 
     </span>
    </p>

    <p class='ocr_par' dir='ltr' id='par_1_18' title="bbox 84 2022 937 2320">
     <span class='ocr_line' id='line_1_27' title="bbox 84 2022 876 2096; baseline 0.001 -19"><span class='ocrx_word' id='word_1_178' title='bbox 84 2023 212 2078; x_wconf 91' lang='lat' dir='ltr'><strong>Potorem</strong></span> <span class='ocrx_word' id='word_1_179' title='bbox 230 2022 353 2087; x_wconf 87' lang='lat' dir='ltr'><strong>cochlea;</strong></span> <span class='ocrx_word' id='word_1_180' title='bbox 369 2039 432 2077; x_wconf 91' lang='lat' dir='ltr'><strong>nam</strong></span> <span class='ocrx_word' id='word_1_181' title='bbox 449 2023 555 2078; x_wconf 88' lang='lat' dir='ltr'><strong>lactuca</strong></span> <span class='ocrx_word' id='word_1_182' title='bbox 571 2024 679 2080; x_wconf 88' lang='lat' dir='ltr'><strong>innatat</strong></span> <span class='ocrx_word' id='word_1_183' title='bbox 696 2023 752 2078; x_wconf 87' lang='lat' dir='ltr'><strong>acri</strong></span> <span class='ocrx_word' id='word_1_184' title='bbox 866 2083 876 2096; x_wconf 26' lang='lat' dir='ltr'>x</span> 
     </span>
     <span class='ocr_line' id='line_1_28' title="bbox 84 2096 937 2168; baseline 0 -16"><span class='ocrx_word' id='word_1_185' title='bbox 84 2098 151 2152; x_wconf 91' lang='lat' dir='ltr'><strong>Post</strong></span> <span class='ocrx_word' id='word_1_186' title='bbox 168 2099 260 2152; x_wconf 89' lang='lat' dir='ltr'><strong>vinum</strong></span> <span class='ocrx_word' id='word_1_187' title='bbox 278 2099 533 2168; x_wconf 86' lang='lat' dir='ltr'><strong>stomacho;.pema</strong></span> <span class='ocrx_word' id='word_1_188' title='bbox 550 2100 635 2168; x_wconf 81' lang='lat' dir='ltr'><strong>magis</strong></span> <span class='ocrx_word' id='word_1_189' title='bbox 649 2101 684 2152; x_wconf 73' lang='lat' dir='ltr'><strong>&#39;ac</strong></span> <span class='ocrx_word' id='word_1_190' title='bbox 701 2097 789 2167; x_wconf 84' lang='lat' dir='ltr'><strong>magis</strong></span> <span class='ocrx_word' id='word_1_191' title='bbox 806 2096 880 2152; x_wconf 88' lang='lat' dir='ltr'><strong>hillis</strong></span> <span class='ocrx_word' id='word_1_192' title='bbox 909 2113 937 2152; x_wconf 82' lang='lat' dir='ltr'><strong>eo</strong></span> 
     </span>
     <span class='ocr_line' id='line_1_29' title="bbox 84 2173 760 2244; baseline 0.001 -17"><span class='ocrx_word' id='word_1_193' title='bbox 84 2173 205 2242; x_wconf 80' lang='lat' dir='ltr'><strong>Flagitat</strong></span> <span class='ocrx_word' id='word_1_194' title='bbox 221 2173 365 2227; x_wconf 91' lang='lat' dir='ltr'><strong>immorsus</strong></span> <span class='ocrx_word' id='word_1_195' title='bbox 382 2174 472 2240; x_wconf 88' lang='lat' dir='ltr'><strong>refici;</strong></span> <span class='ocrx_word' id='word_1_196' title='bbox 490 2175 556 2244; x_wconf 90' lang='lat' dir='ltr'><strong>quin</strong></span> <span class='ocrx_word' id='word_1_197' title='bbox 574 2175 665 2228; x_wconf 90' lang='lat' dir='ltr'><strong>omnia</strong></span> <span class='ocrx_word' id='word_1_198' title='bbox 681 2175 760 2228; x_wconf 90' lang='lat' dir='ltr'><strong>malit</strong></span> 
     </span>
     <span class='ocr_line' id='line_1_30' title="bbox 85 2249 787 2320; baseline 0.003 -18"><span class='ocrx_word' id='word_1_199' title='bbox 85 2251 267 2318; x_wconf 82' lang='lat' dir='ltr'><strong>Quaecunque</strong></span> <span class='ocrx_word' id='word_1_200' title='bbox 283 2249 431 2303; x_wconf 91' lang='lat' dir='ltr'><strong>immundis</strong></span> <span class='ocrx_word' id='word_1_201' title='bbox 448 2251 556 2304; x_wconf 88' lang='lat' dir='ltr'><strong>fervent</strong></span> <span class='ocrx_word' id='word_1_202' title='bbox 573 2250 656 2304; x_wconf 88' lang='lat' dir='ltr'><strong>allata</strong></span> <span class='ocrx_word' id='word_1_203' title='bbox 672 2250 787 2320; x_wconf 90' lang='lat' dir='ltr'><strong>popinis.</strong></span> 
     </span>
    </p>

    <p class='ocr_par' dir='ltr' id='par_1_19' title="bbox 84 2324 786 2468">
     <span class='ocr_line' id='line_1_31' title="bbox 84 2324 786 2395; baseline -0.001 -15"><span class='ocrx_word' id='word_1_204' title='bbox 84 2327 136 2380; x_wconf 85' lang='lat' dir='ltr'><strong>Est</strong></span> <span class='ocrx_word' id='word_1_205' title='bbox 152 2341 252 2393; x_wconf 87' lang='lat' dir='ltr'><strong>operae</strong></span> <span class='ocrx_word' id='word_1_206' title='bbox 268 2324 389 2392; x_wconf 87' lang='lat' dir='ltr'><strong>pretium</strong></span> <span class='ocrx_word' id='word_1_207' title='bbox 407 2324 522 2394; x_wconf 87' lang='lat' dir='ltr'><strong>duplicis</strong></span> <span class='ocrx_word' id='word_1_208' title='bbox 539 2343 701 2395; x_wconf 85' lang='lat' dir='ltr'><strong>pernoscere</strong></span> <span class='ocrx_word' id='word_1_209' title='bbox 714 2325 786 2394; x_wconf 86' lang='lat' dir='ltr'><strong>juris</strong></span> 
     </span>
     <span class='ocr_line' id='line_1_32' title="bbox 84 2399 725 2468; baseline 0 -12"><span class='ocrx_word' id='word_1_210' title='bbox 84 2402 226 2456; x_wconf 89' lang='lat' dir='ltr'><strong>Naturam.</strong></span> <span class='ocrx_word' id='word_1_211' title='bbox 262 2399 383 2468; x_wconf 82' lang='lat' dir='ltr'><strong>Simplex</strong></span> <span class='ocrx_word' id='word_1_212' title='bbox 401 2417 416 2454; x_wconf 92' lang='lat' dir='ltr'><strong>e</strong></span> <span class='ocrx_word' id='word_1_213' title='bbox 434 2401 506 2455; x_wconf 92' lang='lat' dir='ltr'><strong>dulci</strong></span> <span class='ocrx_word' id='word_1_214' title='bbox 524 2405 631 2456; x_wconf 88' lang='lat' dir='ltr'><strong>constat</strong></span> <span class='ocrx_word' id='word_1_215' title='bbox 648 2403 725 2468; x_wconf 87' lang='lat' dir='ltr'><strong>olivo,</strong></span> 
     </span>
    </p>

    <p class='ocr_par' dir='ltr' id='par_1_20' title="bbox 16 2474 932 2622">
     <span class='ocr_line' id='line_1_33' title="bbox 85 2474 932 2546; baseline -0.001 -16"><span class='ocrx_word' id='word_1_216' title='bbox 85 2477 165 2542; x_wconf 82' lang='lat' dir='ltr'><strong>Quod</strong></span> <span class='ocrx_word' id='word_1_217' title='bbox 182 2475 276 2545; x_wconf 80' lang='lat' dir='ltr'><strong>pingui</strong></span> <span class='ocrx_word' id='word_1_218' title='bbox 293 2475 408 2530; x_wconf 88' lang='lat' dir='ltr'><strong>miscere</strong></span> <span class='ocrx_word' id='word_1_219' title='bbox 425 2493 501 2531; x_wconf 91' lang='lat' dir='ltr'><strong>mero</strong></span> <span class='ocrx_word' id='word_1_220' title='bbox 518 2474 660 2546; x_wconf 85' lang='lat' dir='ltr'><strong>muriaque</strong></span> <span class='ocrx_word' id='word_1_221' title='bbox 678 2476 794 2545; x_wconf 87' lang='lat' dir='ltr'><strong>decebit,</strong></span> <span class='ocrx_word' id='word_1_222' title='bbox 907 2505 932 2545; x_wconf 59' lang='lat'><strong>35</strong></span> 
     </span>
     <span class='ocr_line' id='line_1_34' title="bbox 16 2551 733 2622; baseline 0 -15"><span class='ocrx_word' id='word_1_223' title='bbox 16 2577 22 2588; x_wconf 94' lang='lat'>·</span> <span class='ocrx_word' id='word_1_224' title='bbox 84 2553 111 2607; x_wconf 86' lang='lat' dir='ltr'><strong>N</strong></span> <span class='ocrx_word' id='word_1_225' title='bbox 113 2569 147 2606; x_wconf 92' lang='lat' dir='ltr'><strong>on</strong></span> <span class='ocrx_word' id='word_1_226' title='bbox 164 2552 217 2606; x_wconf 91' lang='lat' dir='ltr'><strong>alia</strong></span> <span class='ocrx_word' id='word_1_227' title='bbox 235 2567 317 2622; x_wconf 88' lang='lat' dir='ltr'><strong>quam</strong></span> <span class='ocrx_word' id='word_1_228' title='bbox 334 2567 389 2622; x_wconf 84' lang='lat' dir='ltr'><strong>qua</strong></span> <span class='ocrx_word' id='word_1_229' title='bbox 406 2551 537 2622; x_wconf 82' lang='lat' dir='ltr'><strong>Byzantia</strong></span> <span class='ocrx_word' id='word_1_230' title='bbox 553 2554 646 2622; x_wconf 89' lang='lat' dir='ltr'><strong>putuit</strong></span> <span class='ocrx_word' id='word_1_231' title='bbox 663 2570 733 2608; x_wconf 87' lang='lat' dir='ltr'><strong>orca.</strong></span> 
     </span>
    </p>

    <p class='ocr_par' dir='ltr' id='par_1_21' title="bbox 85 2628 728 2684">
     <span class='ocr_line' id='line_1_35' title="bbox 85 2628 728 2684; baseline 0 -2"><span class='ocrx_word' id='word_1_232' title='bbox 85 2629 146 2684; x_wconf 90' lang='lat' dir='ltr'><strong>Hoc</strong></span> <span class='ocrx_word' id='word_1_233' title='bbox 162 2628 211 2682; x_wconf 92' lang='lat' dir='ltr'><strong>ubi</strong></span> <span class='ocrx_word' id='word_1_234' title='bbox 228 2628 368 2682; x_wconf 89' lang='lat' dir='ltr'><strong>confusum</strong></span> <span class='ocrx_word' id='word_1_235' title='bbox 387 2629 467 2682; x_wconf 91' lang='lat' dir='ltr'><strong>sectis</strong></span> <span class='ocrx_word' id='word_1_236' title='bbox 484 2629 617 2683; x_wconf 81' lang='lat' dir='ltr'><strong>inferbuit</strong></span> <span class='ocrx_word' id='word_1_237' title='bbox 634 2629 728 2684; x_wconf 90' lang='lat' dir='ltr'><strong>herbis</strong></span> 
     </span>
    </p>

    <p class='ocr_par' dir='ltr' id='par_1_22' title="bbox 84 2703 824 2849">
     <span class='ocr_line' id='line_1_36' title="bbox 84 2703 824 2774; baseline -0.001 -15"><span class='ocrx_word' id='word_1_238' title='bbox 84 2705 250 2774; x_wconf 75' lang='lat' dir='ltr'><strong>Corycioque</strong></span> <span class='ocrx_word' id='word_1_239' title='bbox 268 2720 346 2758; x_wconf 91' lang='lat' dir='ltr'><strong>croco</strong></span> <span class='ocrx_word' id='word_1_240' title='bbox 364 2721 488 2774; x_wconf 89' lang='lat' dir='ltr'><strong>sparsum</strong></span> <span class='ocrx_word' id='word_1_241' title='bbox 505 2705 591 2773; x_wconf 90' lang='lat' dir='ltr'><strong>stetit,</strong></span> <span class='ocrx_word' id='word_1_242' title='bbox 608 2705 720 2774; x_wconf 90' lang='lat' dir='ltr'><strong>insuper</strong></span> <span class='ocrx_word' id='word_1_243' title='bbox 738 2703 824 2758; x_wconf 86' lang='lat' dir='ltr'><strong>addes</strong></span> 
     </span>
     <span class='ocr_line' id='line_1_37' title="bbox 84 2779 800 2849; baseline 0 -15"><span class='ocrx_word' id='word_1_244' title='bbox 84 2780 183 2834; x_wconf 89' lang='lat' dir='ltr'><strong>Pressa</strong></span> <span class='ocrx_word' id='word_1_245' title='bbox 200 2779 372 2834; x_wconf 81' lang='lat' dir='ltr'><strong>Venafranae</strong></span> <span class='ocrx_word' id='word_1_246' title='bbox 390 2780 464 2849; x_wconf 93' lang='lat' dir='ltr'><strong>quod</strong></span> <span class='ocrx_word' id='word_1_247' title='bbox 482 2780 565 2834; x_wconf 88' lang='lat' dir='ltr'><strong>bacca</strong></span> <span class='ocrx_word' id='word_1_248' title='bbox 582 2781 688 2834; x_wconf 90' lang='lat' dir='ltr'><strong>remisit</strong></span> <span class='ocrx_word' id='word_1_249' title='bbox 706 2780 800 2835; x_wconf 83' lang='lat' dir='ltr'><strong>olivae.</strong></span> 
     </span>
    </p>

    <p class='ocr_par' dir='ltr' id='par_1_23' title="bbox 84 2855 935 3060">
     <span class='ocr_line' id='line_1_38' title="bbox 84 2855 935 2923; baseline 0.005 -15"><span class='ocrx_word' id='word_1_250' title='bbox 84 2855 191 2909; x_wconf 90' lang='lat' dir='ltr'><strong>Picenis</strong></span> <span class='ocrx_word' id='word_1_251' title='bbox 209 2855 310 2908; x_wconf 89' lang='lat' dir='ltr'><strong>cedunt</strong></span> <span class='ocrx_word' id='word_1_252' title='bbox 327 2856 415 2923; x_wconf 88' lang='lat' dir='ltr'><strong>pomis</strong></span> <span class='ocrx_word' id='word_1_253' title='bbox 434 2855 559 2908; x_wconf 80' lang='lat' dir='ltr'><strong>Tiburtia</strong></span> <span class='ocrx_word' id='word_1_254' title='bbox 576 2872 670 2921; x_wconf 92' lang='lat' dir='ltr'><strong>succo;</strong></span> <span class='ocrx_word' id='word_1_255' title='bbox 911 2870 935 2912; x_wconf 76' lang='lat' dir='ltr'><strong>ro</strong></span> 
     </span>
     <span class='ocr_line' id='line_1_39' title="bbox 84 2929 824 2996; baseline 0.003 -14"><span class='ocrx_word' id='word_1_256' title='bbox 84 2929 156 2984; x_wconf 87' lang='lat' dir='ltr'><strong>Nam</strong></span> <span class='ocrx_word' id='word_1_257' title='bbox 173 2929 242 2982; x_wconf 87' lang='lat' dir='ltr'><strong>facie</strong></span> <span class='ocrx_word' id='word_1_258' title='bbox 260 2934 407 2996; x_wconf 87' lang='lat' dir='ltr'><strong>praestant.</strong></span> <span class='ocrx_word' id='word_1_259' title='bbox 444 2930 585 2984; x_wconf 88' lang='lat' dir='ltr'><strong>Venucula</strong></span> <span class='ocrx_word' id='word_1_260' title='bbox 602 2931 730 2985; x_wconf 90' lang='lat' dir='ltr'><strong>convenit</strong></span> <span class='ocrx_word' id='word_1_261' title='bbox 747 2930 824 2996; x_wconf 88' lang='lat' dir='ltr'><strong>ollis;</strong></span> 
     </span>
     <span class='ocr_line' id='line_1_40' title="bbox 84 3001 711 3060; baseline 0.005 -4"><span class='ocrx_word' id='word_1_262' title='bbox 84 3001 199 3056; x_wconf 87' lang='lat' dir='ltr'><strong>Rectius</strong></span> <span class='ocrx_word' id='word_1_263' title='bbox 219 3001 354 3055; x_wconf 83' lang='lat' dir='ltr'><strong>Albanam</strong></span> <span class='ocrx_word' id='word_1_264' title='bbox 371 3005 446 3056; x_wconf 88' lang='lat' dir='ltr'><strong>fumo</strong></span> <span class='ocrx_word' id='word_1_265' title='bbox 465 3005 606 3058; x_wconf 80' lang='lat' dir='ltr'><strong>duraveris</strong></span> <span class='ocrx_word' id='word_1_266' title='bbox 623 3021 711 3060; x_wconf 87' lang='lat' dir='ltr'><strong>uvam.</strong></span> 
     </span>
    </p>

    <p class='ocr_par' dir='ltr' id='par_1_24' title="bbox 85 3076 867 3149">
     <span class='ocr_line' id='line_1_41' title="bbox 85 3076 867 3149; baseline 0.008 -21"><span class='ocrx_word' id='word_1_267' title='bbox 85 3076 167 3128; x_wconf 89' lang='lat' dir='ltr'><strong>Hanc</strong></span> <span class='ocrx_word' id='word_1_268' title='bbox 184 3091 235 3142; x_wconf 74' lang='lat' dir='ltr'><strong>ego</strong></span> <span class='ocrx_word' id='word_1_269' title='bbox 252 3090 314 3126; x_wconf 92' lang='lat' dir='ltr'><strong>cum</strong></span> <span class='ocrx_word' id='word_1_270' title='bbox 331 3077 415 3140; x_wconf 87' lang='lat' dir='ltr'><strong>malis,</strong></span> <span class='ocrx_word' id='word_1_271' title='bbox 432 3093 483 3144; x_wconf 81' lang='lat' dir='ltr'><strong>ego</strong></span> <span class='ocrx_word' id='word_1_272' title='bbox 500 3079 604 3132; x_wconf 88' lang='lat' dir='ltr'><strong>faecem</strong></span> <span class='ocrx_word' id='word_1_273' title='bbox 622 3081 726 3146; x_wconf 90' lang='lat' dir='ltr'><strong>primus</strong></span> <span class='ocrx_word' id='word_1_274' title='bbox 744 3083 774 3134; x_wconf 86' lang='lat' dir='ltr'><strong>et</strong></span> <span class='ocrx_word' id='word_1_275' title='bbox 791 3079 867 3149; x_wconf 89' lang='lat' dir='ltr'><strong>allec,</strong></span> 
     </span>
    </p>
   </div>
   <div class='ocr_carea' id='block_1_3' title="bbox 0 0 1010 3416">
    <p class='ocr_par' dir='ltr' id='par_1_25' title="bbox 0 0 1010 3416">
     <span class='ocr_line' id='line_1_42' title="bbox 0 0 1010 3416; baseline 0 0"><span class='ocrx_word' id='word_1_276' title='bbox 0 0 1010 3416; x_wconf 95' lang='lat' dir='ltr'><strong> </strong></span> 
     </span>
    </p>
   </div>
  </div>
 </body>
</html>
