2008 3416
395 125 549 178 HORA'PII
565 126 696 178 nonem

491 274 597 330 XXVI.

255 356 325 410 Vm
341 355 439 424 puellis
456 373 545 425 nuper
561 356 676 411 idonens

256 431 294 486 Et
310 429 425 486 militavi
441 447 495 484 non
514 431 572 486 sine
591 433 694 500 gloria3

268 557 270 561 ,
287 507 317 560 N
318 524 370 560 unc
387 523 463 560 arma
481 505 695 575 defunctumque
712 504 785 560 bello

325 581 459 635 Barbiton
476 581 520 634 hic
537 581 629 649 pmice
646 581 768 648 habebit,
994 633 995 636 ,

256 657 377 710 Laevum
394 657 515 710 man‘nae
533 657 581 726 qui
598 656 716 710 Veneris
733 657 806 711 latus
956 672 972 713 s
994 665 995 712 l

257 731 393 787 Custodit.
428 732 483 786 Hic
500 732 544 786 hic
561 732 654 801 ponite
672 732 762 785 lucida
994 719 995 742 ¹

291 807 406 860 Funalia
423 810 452 862 et
468 811 559 862 vectes
577 811 606 862 et
622 823 701 862 armus

325 881 464 951 Oppositis
480 883 584 936 foribus
601 883 727 936 minaces.
827 923 834 936 .

257 957 281 1012 Ο
301 974 372 1027 quae
390 958 498 1012 beatam
517 958 581 1011 diva
598 961 677 1012 tenes
696 959 816 1026 Cyprum
832 959 863 1011 et
994 1015 995 1026 χ

255 1033 399 1102 Memphin
416 1037 553 1088 carentem
571 1033 696 1087 Sithonia
711 1033 781 1101 nive,
945 1047 969 1087 ιο
994 1029 995 1038 ’

290 1109 402 1177 Regina,
420 1109 530 1163 sublimi
547 1109 653 1176 flagello
773 1125 789 1159 e

325 1185 416 1254 'lange
435 1185 538 1240 Chloen
556 1185 640 1239 semel
657 1185 838 1252 arrogantem.

477 1319 602 1375 XXVII.

256 1400 355 1457 Innros
371 1417 469 1470 parrae
486 1401 634 1456 recinentis
652 1412 741 1456 omen

254 1476 345 1531 Ducat
362 1481 392 1530 et
408 1493 559 1546 praegnans
576 1478 650 1531 canis
668 1481 716 1532 aut
733 1477 769 1531 ab
785 1493 852 1546 agro

256 1551 333 1606 Rara
350 1551 497 1606 decurrens
514 1553 578 1620 lupa
595 1551 735 1606 Lanuvino

288 1628 411 1698 Fetaque
428 1629 531 1698 vulpes.

254 1701 375 1771 Rumpat
392 1707 422 1758 et
439 1719 550 1772 serpens
567 1703 622 1758 iter
638 1702 794 1756 institutum

254 1778 284 1831 si
300 1795 351 1847 per
368 1779 507 1846 obliquum
524 1779 619 1832 similis
638 1779 756 1846 sagittae

254 1853 364 1906 Terruit
381 1870 507 1908 mannos:
525 1871 576 1922 ego
593 1855 637 1909 cui
653 1854 758 1908 timebo

287 1928 421 1982 Providus
437 1945 547 1998 auspex,
832 1939 835 1944 '

253 2003 411 2073 Antequam
428 2007 533 2058 stantes
550 2007 659 2090 repetat
675 2005 790 2074 paludes

252 2079 387 2134 Imbrium
405 2080 497 2134 divina
513 2080 571 2134 avis
588 2073 785 2148 imininentum,

252 2153 379 2209 Oscinem
396 2172 505 2209 corvum
522 2171 604 2224 prece
620 2155 756 2210 suscitabo

287 2230 356 2285 Solis
373 2231 409 2284 ab
426 2235 495 2285 ortu

251 2305 294 2358 Sis
311 2304 375 2359 licet
391 2305 458 2358 felix
475 2305 629 2376 ubieunque
646 2307 739 2376 mavis,

251 2380 289 2433 Et
306 2395 410 2434 memor
427 2382 521 2450 nostri,
540 2383 662 2450 Galatea,
680 2383 762 2450 vives,

252 2453 344 2524 'leque
361 2472 412 2510 nec
428 2456 521 2524 laesus
538 2461 616 2512 vetet
632 2458 675 2512 ire
690 2457 767 2526 picus
943 2471 963 2512 ιε

277 2531 304 2584 N
306 2547 338 2586 eo
354 2549 422 2601 vega
439 2534 540 2586 cornix.

250 2605 307 2661 Sed
323 2608 400 2662 vides
418 2612 519 2678 quanto
536 2609 659 2678 trepidet
676 2607 795 2662 tumultu

250 2683 356 2736 Pronus
375 2683 465 2738 Orion.
501 2684 559 2752 Ego
577 2685 645 2754 quid
663 2684 700 2738 sit
717 2687 778 2738 ater

250 2757 374 2812 Hadriae
392 2760 455 2812 novi
474 2759 549 2812 sinus
567 2764 596 2814 et
614 2759 682 2829 quid
700 2759 779 2813 albus
994 2827 995 2834 ἵ

283 2835 382 2888 Peceet
400 2834 493 2903 iapyx.
941 2851 963 2890 ao
994 2835 995 2838 ’

251 2909 381 2964 Hostium
398 2926 497 2964 uxores
514 2911 647 2981 puerique
664 2926 758 2964 caecos

250 2985 377 3039 Sentiant
393 2989 483 3039 motus
502 2984 614 3038 orientis
632 2985 731 3038 Austri
749 2987 778 3038 et

248 3059 386 3125 Aequoris
403 3059 475 3126 nigri
492 3059 631 3113 fremitum
649 3064 679 3114 et
696 3062 847 3116 trementes

282 3131 407 3187 Verbere
424 3133 504 3201 ripas.
