2044 3416
394 77 464 126 Alis
479 73 639 124 POETIOA.
892 73 941 122 209

90 151 231 208 (iaedibns
248 155 279 209 ct
294 151 370 208 rictu
385 152 466 208 foedo
483 151 621 208 deterruit
637 149 770 220 Orpheus,

90 226 191 281 Dictus
208 226 243 281 ob
260 228 313 281 hoc
330 227 416 284 lenire
432 228 519 296 tigres
537 227 700 296 rabidosque
718 225 826 291 leones,

90 301 192 356 Dictus
209 305 238 356 et
256 303 402 370 Amphion,
420 302 565 358 Thebunte
581 300 705 357 conditor
725 301 803 368 orcis,

90 377 165 432 Saxo
182 393 292 432 movere
308 395 374 432 sono
391 378 539 433 testudinis
557 382 586 432 et
602 395 683 446 prece
701 376 803 432 blande
904 391 939 430 neo

90 450 201 506 Ducere
218 468 272 522 quo
288 453 379 508 vellet
414 453 479 507 Fuit
496 453 563 508 hoec
580 453 714 520 sapientia
729 450 875 520 quondam,

89 525 207 582 Publica
222 527 335 596 privetis
354 545 503 597 secernere,
522 544 598 583 sacre
615 527 742 596 profanis,

89 600 245 656 Concubitu
262 602 406 672 prohibere
423 619 498 670 vago,
517 603 583 656 dero
594 601 661 670 jure
676 601 787 670 meritis,

88 676 201 746 Oppida
217 677 314 746 moliri,
331 678 405 746 leges
422 679 541 733 incidere
558 679 646 746 ligno;
725 701 729 708 ·

87 751 136 806 Sic
152 752 238 806 honor
254 755 285 808 et
300 769 398 808 nomen
416 754 516 808 divinis
531 753 640 808 vatibus
656 755 741 822 utque
900 759 935 800 4⁰⁰
987 759 990 766 '

88 826 263 881 Carminibus
280 829 361 884 venit
397 828 465 884 Post
481 829 531 882 hos
547 829 660 898 insignis
677 823 815 883 Homeris

88 901 276 972 iuncusque
294 919 383 958 mores
400 904 504 958 animos
520 903 550 956 in
567 903 668 958 Mortis
684 903 758 958 belle

87 976 222 1032 Versibus
239 979 363 1044 exucuit;
380 979 471 1033 dictae
488 995 538 1047 per
555 979 673 1032 carmine
690 983 791 1044 sorte&

86 1051 127 1106 Et
143 1052 216 1106 vitae
232 1058 383 1108 monstrate
399 1054 443 1108 uia
459 1057 517 1118 est;
534 1057 565 1108 ot
579 1054 668 1120 gratio
684 1068 780 1120 regum

87 1119 188 1180 Pieriis
204 1132 313 1184 tenuta
329 1129 432 1196 modis;
449 1129 584 1198 ludusque
602 1131 727 1197 repertus
898 1143 934 1182 os

86 1201 127 1257 Et
143 1202 284 1272 longorum
302 1221 415 1273 operum
431 1205 506 1260 finis:
523 1221 559 1260 ns
575 1203 647 1258 forte
663 1202 761 1272 pudori

86 1277 131 1332 Sit
147 1277 199 1332 tibi
216 1279 297 1332 Musa
312 1279 386 1347 lyras
403 1279 498 1334 sollers
515 1283 545 1334 et
561 1283 655 1333 mutor
672 1279 778 1346 Apollo.

85 1352 114 1405 N
115 1356 196 1407 utura
212 1354 294 1408 fieret
309 1354 446 1409 laudabile
463 1371 571 1409 carmen
589 1371 624 1408 un
641 1357 701 1408 arto

86 1427 248 1492 Quaesitum
266 1433 321 1485 est:
341 1445 391 1498 ego
408 1447 458 1484 nec
475 1429 596 1484 studium
613 1430 670 1484 sine
688 1428 774 1484 divite
790 1444 859 1484 veno

85 1503 147 1558 Nec
163 1504 234 1558 rude
250 1505 317 1572 quid
334 1505 421 1575 possit
436 1505 517 1560 video
533 1505 688 1572 ingenium
704 1503 817 1558 ulterius
833 1503 874 1557 sic
896 1517 933 1557 uo

85 1579 186 1633 Altero
202 1580 290 1648 poscit
306 1597 386 1649 opem
404 1597 449 1634 res
465 1584 496 1634 et
512 1581 637 1648 conjnret
653 1580 745 1634 amice.

86 1653 141 1717 Qui
159 1654 255 1708 studet
271 1659 392 1724 optatam
410 1671 491 1710 cursu
507 1655 665 1723 contingere
682 1658 783 1708 melem

84 1729 178 1784 Multa
195 1730 261 1786 tulit
278 1731 399 1800 fecitque
417 1747 493 1800 puer,
511 1730 619 1784 sudavit
637 1734 667 1785 et
683 1730 752 1796 alsit,

85 1803 232 1860 Abstinuit
248 1822 347 1860 venere
364 1809 394 1860 et
411 1806 490 1871 vino,
508 1806 556 1874 qui
569 1805 668 1874 Pythis
678 1807 772 1860 canuc

84 1879 199 1934 Tibicen
216 1879 314 1934 didicit
329 1881 405 1949 prius
422 1881 603 1948 extimuitque
620 1882 785 1948 magistrum.
898 1893 933 1934 415

84 1954 146 2009 Nec
164 1955 231 2010 satu
248 1960 292 2011 est
309 1956 424 2011 dixisse:
442 1957 523 2024 “ligo
540 1957 609 2010 mire
626 1961 752 2025 poemate
768 1973 873 2025 pango;

85 2030 210 2100 Occupet
226 2034 380 2086 extremum
397 2030 515 2095 scabies;
531 2031 596 2084 mibi
613 2034 695 2098 turpe
712 2029 828 2098 relinqui
846 2031 889 2085 est

84 2105 123 2160 ut
140 2105 215 2173 quod
232 2122 286 2160 non
303 2105 387 2160 didici
404 2122 469 2160 sane
486 2105 590 2159 nescire
606 2104 708 2159 iuteri.’'

84 2181 128 2235 Ut
143 2197 250 2250 praeco,
268 2181 305 2235 ad
321 2198 426 2236 merces
442 2180 552 2236 turbem
571 2179 618 2250 qui
635 2179 708 2248 cogit
725 2177 862 2250 emendes,

86 2257 281 2316 Assentetores
294 2257 377 2326 jubet
394 2257 430 2312 ad
447 2257 551 2310 lucrum
568 2255 610 2310 ire
626 2260 708 2325 poeto
898 2274 935 2316 loo

85 2330 268 2402 Divevagiis,
286 2332 362 2386 dives
379 2332 475 2403 positis
491 2332 520 2386 in
536 2331 629 2386 fenore
646 2332 770 2387 nummis

85 2405 116 2460 Si
133 2422 198 2462 vero
215 2410 259 2462 est
276 2411 388 2462 unctum
405 2408 453 2476 qui
470 2410 545 2466 recte
561 2423 663 2475 ponere
680 2408 780 2478 possitv

85 2481 124 2536 lit
142 2482 276 2551 spondere
292 2483 346 2538 leri
362 2499 413 2553 pro
429 2498 549 2556 paupere
567 2485 596 2536 et
613 2483 720 2550 eripere
737 2482 805 2536 atris

85 2557 196 2612 litibus
213 2557 381 2627 implicitum,
398 2557 517 2612 mirabor
534 2556 557 2610 si
574 2556 642 2609 sciet
658 2556 742 2610 inter-

85 2632 113 2686 Ν
114 2648 208 2687 escere
224 2633 382 2689 mendacem
400 2647 548 2699 verumque
566 2629 663 2685 boetus
680 2631 805 2686 ornicum.
900 2647 934 2688 les

86 2707 128 2760 'lu
145 2723 195 2762 seu
211 2707 321 2763 doneris
339 2706 472 2775 seuquid
489 2707 591 2760 donare
608 2705 682 2760 voles
699 2707 751 2774 cui,

86 2781 181 2837 Nolito
197 2782 234 2837 ud
252 2799 345 2838 versus
362 2781 414 2836 tibi
430 2781 515 2836 iactos
534 2779 633 2836 ducere
649 2780 760 2850 plenum

86 2857 237 2925 laetitiam
254 2859 381 2914 clamabit
396 2859 469 2917 enim
487 2855 617 2914 Pulchre!
636 2855 721 2911 bene!
741 2858 829 2912 recto!

86 2932 223 2990 Pallescet
240 2952 321 3004 super
338 2936 488 3004 bisetium
506 2932 622 2988 stillabit
639 2933 732 2986 enticis

85 3009 129 3063 Ex
146 3011 231 3064 oculis
248 3029 345 3080 rorem,
363 3013 449 3078 saliet,
467 3010 568 3066 tundet
585 3008 656 3079 pede
673 3013 783 3067 terram.
898 3021 933 3062 lto

85 3083 128 3141 Ut
144 3085 193 3156 qui
208 3088 337 3144 conducti
352 3087 461 3157 plorent
476 3087 506 3140 in
521 3086 617 3142 iuuere
634 3085 730 3142 dicunt
