2008 3416
308 85 521 135 SATIRARUM
537 85 573 132 II.
595 87 617 132 6.
854 81 895 131 151

11 169 13 230 l
45 167 102 222 Sive
121 167 235 237 Aquilo
253 165 328 220 radit
345 169 432 219 terras
450 181 498 218 seu
514 164 610 216 bruma
627 162 744 218 nivalem
877 171 902 218 a

47 242 182 296 Interiora
203 241 280 295 diem
296 258 362 310 gyro
379 241 471 308 trahit,
490 242 530 296 irc
547 257 657 295 necesse
678 243 727 294 est.
792 288 796 296 .

48 317 206 384 Postmodo,
225 316 300 384 quod
317 317 354 368 mi
371 316 443 369 obsit
461 317 535 369 clare·
549 321 708 385 certumque
725 315 822 385 locuto,

11 389 13 464 l
47 392 224 446 Luctandum
241 391 270 444 in
287 389 368 443 turba
386 394 415 444 et
431 390 555 444 facienda
571 391 672 458 injuria
689 391 783 445 tardis.

10 467 12 562 l
47 467 59 492 “
67 467 140 532 Quid
157 467 212 532 vis,
223 466 325 532 insane,
343 470 372 519 ct
389 481 456 534 quas
474 482 518 519 res
537 467 593 532 agis
603 465 628 518 l’'
647 465 785 533 improbus
802 461 894 532 urget'

48 541 127 595 Iratis
145 540 294 610 precibus;
311 541 364 593 “tu
381 540 471 608 pulses
489 557 567 594 omne
585 539 659 608 quod
676 540 774 606 obstat,
874 555 897 594 ao

10 669 11 674 ,
49 617 92 669 Ad
109 617 306 670 Maecenatem
324 613 436 668 memori
454 615 477 668 si
494 617 585 668 mente
603 630 726 668 recurras
735 613 760 668 i’'

10 689 11 724 i
49 690 106 744 Hoc
119 691 207 759 juvat
225 692 255 742 et
271 688 345 742 melli
363 692 420 754 est;
437 706 491 742 non
509 689 632 743 mentiar.
668 690 708 742 At
725 688 806 742 simul
823 691 897 743 atras

9 745 11 826 i
50 765 171 820 Ventum
191 767 235 818 est
253 763 388 831 Esquilias
404 764 492 818 aliena
509 763 617 832 negotia
633 767 741 818 centum

50 840 99 893 Per
116 843 205 909 caput
223 842 254 892 et
270 838 341 892 circa
359 839 458 893 saliunt
474 839 554 892 latus.
589 839 688 892 “Ante
706 839 851 893 secundam

50 914 163 969 Roscius
183 913 281 967 orabat
298 913 350 966 sibi
367 913 476 967 adesses
494 914 531 966 ad
549 913 645 967 Puteal
663 915 743 968 cras.”
872 927 897 969 ⁸⁵

51 990 112 1043 “Da
129 1006 163 1043 re
182 988 317 1042 communi
335 987 439 1041 scribae
456 1004 553 1055 magna
569 991 652 1055 atque
668 1005 737 1042 nova
752 992 782 1043 te

51 1063 175 1118 Orabant
192 1062 275 1116 bodie
293 1063 468 1130 meminisses,
488 1063 596 1129 Quinte,
614 1063 736 1116 reverti?

50 1139 220 1208 “Imprimat
237 1137 280 1190 his
297 1154 362 1191 cura
379 1138 523 1191 Maecenas
540 1137 616 1206 signa
633 1137 761 1192 tabellis.”

51 1213 168 1281 Dixeris,
181 1213 337 1282 “Experiar
345 1213 366 1266 :''
384 1213 436 1266 “Si
453 1213 502 1280 vis,
514 1214 615 1281 potes‚''
627 1213 705 1268 addit
722 1217 751 1268 et
768 1214 861 1270 instat.

52 1290 190 1358 Septimus
207 1292 302 1342 octavo
319 1287 429 1356 propior
440 1286 500 1355 jam
517 1288 619 1355 fugerit
636 1305 722 1342 annus
872 1305 896 1344 ro

52 1363 93 1417 Ex
109 1381 164 1432 quo
183 1363 329 1417 Maecenas
345 1379 389 1416 me
407 1363 497 1431 coepit
513 1362 613 1416 habere
631 1379 739 1418 suorum

54 1437 85 1491 ln
100 1455 231 1502 numer03
248 1437 392 1492 dumtaxat
409 1437 519 1505 adhoc,
537 1454 618 1506 quem
635 1439 732 1492 tollere
749 1439 835 1494 rheda

7 1491 9 1596 i
54 1511 142 1568 Vellet
161 1514 217 1566 iter
233 1512 335 1565 faciens
352 1515 382 1565 et
398 1512 442 1564 cui
459 1512 622 1566 concredere
639 1529 725 1580 nugas

6 1599 8 1662 j
55 1587 110 1642 Hoc
121 1587 325 1656 genus:“Hora
334 1590 417 1654 quota
424 1589 479 1641 esti
497 1587 587 1640 Thrax
597 1591 639 1641 est
646 1585 752 1641 Gallina
759 1587 825 1656 Syro
832 1591 895 1657 pari

54 1661 189 1718 Matutine
205 1678 302 1730 parum
318 1665 412 1714 cautos
425 1661 484 1729 jam
502 1661 603 1730 frigora
620 1662 747 1716 mordent
754 1661 775 1727 ξ’
872 1679 895 1718 4⁵

54 1737 86 1790 Et
103 1754 176 1807 quae
194 1737 294 1790 rimosa
310 1736 382 1789 bene
399 1736 573 1805 deponuntur
589 1736 618 1790 in
635 1753 708 1791 aure.

54 1811 103 1866 Per
118 1815 214 1866 totum
230 1811 281 1864 hoc
298 1815 406 1878 tempus
424 1810 571 1878 subjectior
587 1812 616 1864 in
634 1811 708 1866 Mem
725 1809 866 1866 ethoram

6 1875 7 1932 l
53 1885 175 1942 Invidiae
192 1888 294 1939 noster.
329 1885 421 1939 Ludos
439 1889 609 1954 spectaverat
625 1903 685 1954 una,

52 1960 167 2016 Luserat
184 1962 215 2014 in
232 1960 346 2028 Campo:
366 1961 504 2014 Fortunae
521 1961 610 2015 filius!
629 1978 728 2016 omnes.

51 2036 180 2105 Frigidus
197 2053 215 2089 a
232 2036 339 2090 Rostris
355 2039 449 2089 manat
466 2052 516 2104 per
533 2036 650 2102 compita
666 2052 772 2091 rumor:
872 2050 896 2091 so

6 2073 8 2166 i
51 2111 212 2180 Quicunque
229 2110 324 2164 obvius
342 2114 386 2164 est
402 2127 447 2164 me
463 2111 593 2165 consulit:
610 2109 657 2163 “0
675 2109 752 2178 bone,
770 2126 833 2164 nam
850 2113 879 2165 tc

6 2189 7 2204 ¹
50 2187 122 2242 Scire
141 2187 210 2240 deos
227 2185 353 2254 quoniam
369 2187 480 2254 propius
497 2185 630 2252 contingis
648 2189 771 2253 oportet;

50 2261 193 2331 Numquid
210 2260 245 2314 dc
263 2260 344 2314 Dacis
362 2260 463 2314 audisti
472 2260 497 2314 l’'
522 2260 592 2313 “Nil
611 2261 759 2328 equidem.”
785 2261 848 2316 “Ut
864 2264 897 2316 tu

51 2336 165 2406 Semper
183 2336 238 2389 eris
255 2335 360 2388 derisor
370 2335 394 2389 l’¹
424 2336 488 2389 “At
505 2351 598 2388 omues
616 2335 645 2388 di
663 2338 802 2404 exagitent
818 2353 863 2389 me

50 2412 76 2466 Si
92 2411 267 2482 quidquam.'’
297 2409 397 2478 “Quid,
409 2409 541 2463 militibus
558 2411 692 2479 promissa
710 2413 854 2479 Triquetra
872 2425 896 2465 ts

50 2487 168 2541 Praedia
186 2485 287 2539 Caesar
303 2501 339 2539 an
357 2489 400 2539 est
419 2485 491 2538 Itala
507 2485 606 2540 tellure
624 2486 773 2548 daturusl’l

50 2562 195 2616 Jurantem
210 2576 257 2639 pte
276 2561 344 2614 scire
361 2559 428 2614 nihil
446 2560 581 2614 mirantur
598 2565 630 2614 ut
646 2577 730 2614 unum

50 2636 159 2690 Scilicet
176 2635 279 2704 egregii
295 2635 437 2689 mortalem
455 2635 558 2702 altique
576 2635 672 2688 silenti

50 2710 181 2765 Perditur
197 2710 264 2764 haec
280 2710 468 2764 intermisero
485 2709 533 2763 lux
551 2725 606 2763 non
623 2709 682 2762 sine
699 2708 783 2764 votis:

51 2785 72 2840 0
90 2801 145 2852 rus,
158 2784 268 2853 quando
286 2802 337 2853 ego
354 2788 384 2839 te
401 2784 568 2854 adspiciaml
586 2784 750 2852 quandoque
763 2783 856 2838 licebit
874 2800 897 2840 so

51 2859 129 2916 Nunc
146 2863 271 2913 veterum
289 2859 372 2927 libris,
390 2876 461 2913 nunc
479 2875 572 2912 somno
590 2863 620 2913 et
636 2858 772 2913 inertibus
789 2858 863 2913 horis

51 2934 158 2989 Ducere
177 2933 307 2988 sollicitae
320 2934 443 3002 jacunda
460 2933 559 2987 oblivia
576 2933 669 2987 vitael
846 2937 848 2942 ’

53 3010 74 3062 0
91 3009 202 3079 quando
218 3009 283 3063 faba
300 3009 470 3078 Pythagorae
487 3013 603 3076 cognata
620 3008 753 3076 simulque

53 3084 141 3141 Uncta
156 3083 226 3138 satis
241 3085 336 3154 pingui
352 3086 489 3160 ponentur
506 3083 626 3138 oluscula
641 3083 738 3140 lardol
