2044 3416
327 81 584 133 EPISTOLARUM
601 84 638 134 11.
660 84 681 137 i.
883 88 926 138 191

10 161 11 172 ¹
62 160 142 216 Mox
162 161 285 216 trahitur
301 161 428 216 manibus
445 179 540 230 regum
557 165 666 218 fortune
683 167 801 235 retortis,
818 197 820 203 =

63 237 183 292 Esseda
200 238 340 305 festinant,
358 238 471 308 pilenta,
488 241 629 308 petorrita,
646 257 737 309 naves,

10 335 12 386 ς
64 315 224 382 Captivum
241 317 369 382 portatur
387 313 462 382 ebur,
481 315 589 382 captiva
607 316 702 370 (lorint
690 317 762 374 thus.

65 390 100 443 Si
118 390 168 443 for
168 389 223 444 et
215 406 245 442 111
263 390 346 443 terris
363 356 469 444 ridere¹t
486 390 627 444 Democrit
615 395 667 458 t,us
684 409 734 446 seu
824 389 828 401 '

10 465 224 530 Diversum
242 465 353 519 confusa
369 481 456 533 genus
473 466 609 534 panthera
625 468 736 536 camelo,
896 482 930 522 uu

10 509 12 544 ¹
66 541 139 595 Sive
159 541 270 610 elephas
288 540 366 594 albus
384 541 458 608 uudgi
475 545 649 596 converteret
665 559 727 608 ora;

10 657 11 678 ,
66 617 224 684 Spectaret
241 613 370 685 populum
387 615 506 670 ludist
477 617 633 670 attentius
625 619 699 686 ipsis,

66 692 113 746 Ut
133 692 188 754 sibi
205 691 384 760 praebentem
401 693 484 746 mimo
502 693 656 761 spectacula
671 694 765 762 plurag

67 767 231 836 Scriptores
247 771 340 821 autem
357 784 469 821 narrare
485 771 597 836 putaret
613 770 709 824 asello.

67 843 218 896 Fabellam
237 844 327 896 surdo.
362 843 389 895 N
391 859 435 896 um
453 859 524 912 quae
541 845 699 912 pervincere
716 861 796 900 voces
895 859 930 898 mo

10 911 11 920 ¹
68 919 211 972 Evaluere
229 934 325 972 sonum
343 919 466 972 referunt
484 935 566 987 quem
583 924 678 974 nostra
693 921 817 976 theatrel

69 994 234 1062 Garganum
251 994 358 1062 mugire
375 997 456 1062 putes
473 1011 570 1048 nemus
586 999 636 1049 aut
652 1012 727 1050 mare
744 997 868 1064 Tuscum,

68 1069 164 1122 Tanto
181 1086 243 1123 cum
262 1070 379 1137 strepitu
398 1069 456 1122 ludi
473 1073 631 1137 spectantur
649 1073 769 1124 etentes

69 1145 252 1214 Divitiaeque
269 1145 436 1213 peregrinae,
455 1145 555 1213 quibus
572 1145 674 1200 oblitus
691 1150 767 1200 actor

70 1219 146 1273 Cum
164 1221 245 1273 stetit
261 1219 290 1272 in
309 1236 390 1273 scena
406 1220 543 1274 concurrit
560 1220 677 1275 dextera
691 1221 793 1277 laevae.
889 1237 927 1278 eoo

70 1296 155 1350 Dixit
172 1295 262 1350 adhue
279 1295 407 1364 uliquidl·
437 1296 484 1349 Nil
502 1313 573 1351 sane.
609 1297 681 1362 Quid
698 1297 789 1367 placet
806 1301 888 1367 ergol

46 1375 49 1383 ’
71 1370 153 1425 Lana
170 1371 317 1424 Tarentino
335 1371 419 1425 uiolas
436 1371 544 1426 imitata
561 1389 673 1428 veneno.

10 1507 11 1512 ἵ
72 1447 119 1500 Ac
137 1463 173 1500 ne
191 1447 263 1500 forte
280 1450 361 1514 putes
378 1463 424 1514 me
441 1464 513 1516 quae
528 1449 618 1503 facere
635 1449 693 1517 ipse
710 1465 832 1506 recusem

73 1522 147 1576 Cum
164 1525 241 1576 reete
259 1525 380 1576 tractent
397 1523 443 1576 alii
460 1523 572 1578 laudare
589 1524 720 1593 maligne:
764 1557 767 1562 .

74 1598 129 1652 lile
147 1614 198 1665 per
215 1601 358 1652 extentum
369 1595 469 1652 'funem
486 1599 552 1652 mihi
570 1616 650 1667 posse
667 1601 778 1655 videtur
894 1619 929 1658 aro

75 1673 123 1728 Ire
140 1677 230 1742 poeta,
249 1690 339 1726 meum
357 1673 404 1742 qui
422 1678 519 1742 pectus
535 1674 654 1730 inaniter
669 1677 754 1744 angit,

75 1749 182 1816 Irritat,
200 1749 310 1817 mulcet,
327 1748 402 1803 falsis
419 1750 570 1804 terroribus
587 1751 701 1820 implet,

74 1825 117 1879 Ut
135 1841 239 1894 magus,
258 1828 288 1878 et
304 1826 386 1878 modo
403 1841 448 1878 me
466 1825 575 1892 Thebis,
592 1827 674 1880 modo
692 1829 770 1897 ponit
789 1830 914 1886 Athenis,
998 1831 999 1836 ’

75 1900 182 1954 Verum
200 1917 251 1968 age
268 1903 298 1954 et
315 1899 358 1952 his
375 1901 422 1968 qui
440 1917 470 1954 se
487 1901 582 1966 lectori
600 1905 713 1958 credere
731 1905 836 1958 malunt
980 1919 982 1924 ·

10 2027 12 2040 ,
76 1975 166 2040 Quam
183 1976 344 2044 spectatoris
360 1975 472 2030 fastidia
487 1976 562 2030 ferre
578 1980 689 2047 superbi
890 1996 927 2036 rie

10 2055 11 2058 ’
77 2052 178 2106 euram
195 2051 283 2106 redde
300 2051 419 2119 brevem,
438 2052 461 2104 si
479 2069 577 2106 munus
596 2055 723 2121 Apolline
740 2055 853 2122 dignum

76 2126 129 2180 Vis
146 2127 281 2196 complere
299 2125 378 2179 libris
395 2130 424 2180 et
441 2127 550 2181 vatibus
567 2128 670 2182 addere
688 2130 784 2198 calcar,

77 2201 118 2256 lit
137 2202 227 2258 studio
244 2202 349 2270 majore
366 2206 462 2270 petant
481 2203 613 2257 Helicona
630 2205 771 2261 virentem.

78 2278 168 2332 Multa
185 2277 295 2346 quidem
313 2277 393 2330 nobis
408 2277 522 2332 facimus
538 2279 611 2334 mala
628 2297 710 2350 saepe
728 2287 833 2353 poetae,

79 2353 130 2421 (Ut
146 2352 237 2407 vineta
254 2356 363 2421 egomet
381 2353 492 2407 caedam
510 2356 588 2422 mea)
607 2372 668 2410 cum
687 2357 737 2412 tibi
754 2359 854 2414 librum
893 2377 928 2416 ae)

79 2428 199 2483 Sochito
217 2429 314 2482 damus
331 2432 380 2482 aut
397 2429 484 2494 lesso;
500 2446 562 2484 cum
579 2431 713 2486 laedimur
729 2451 814 2489 unum
918 2430 925 2444 ‘

79 2505 107 2558 Si
126 2504 187 2572 quis
204 2504 351 2558 amicorum
369 2508 412 2558 est
429 2521 510 2558 ausus
527 2507 727 2575 reprehendere
745 2527 869 2575 versum;

80 2581 148 2634 Cum
166 2579 224 2632 loce
236 2579 295 2647 jam
314 2579 429 2634 recitata
446 2580 607 2635 revolvimus
624 2583 781 2650 irrevocati3

79 2655 148 2709 Cum
165 2653 346 2708 lamentamur
362 2671 416 2708 non
434 2672 565 2725 apparere
583 2657 688 2711 labores

61 2771 64 2778 .
79 2729 194 2783 Nostros
212 2733 241 2782 et
258 2730 336 2783 tenui
354 2729 473 2785 deducta
490 2736 615 2800 poemata
632 2733 693 2800 filo;
892 2759 927 2798 225

79 2804 147 2860 (lum
165 2819 306 2874 speramus
324 2821 357 2858 eo
373 2823 432 2859 rem
449 2809 591 2860 venturam
610 2811 642 2862 ut
660 2809 739 2863 simul
757 2813 841 2880 atque

10 2879 11 2886 ¹
79 2879 204 2936 Oai-mina
222 2881 346 2934 rescieris
363 2897 413 2934 nos
430 2882 534 2949 fingere
552 2883 708 2939 commodus
725 2887 798 2942 ultro

10 3189 12 3328 l

79 2957 216 3024 Aroessaa,
236 2959 265 3010 et
283 2973 363 3024 egere
381 2961 465 3026 vetes,
484 2961 516 3011 et
530 2959 649 3013 scrihere
666 2978 753 3028 cogas.

78 3031 132 3089 Sed
148 3034 242 3084 tamen
261 3037 305 3085 est
322 3048 420 3100 operae
437 3034 557 3102 pretium
574 3050 743 3102 cognoscere,
762 3038 856 3107 quoles

78 3105 212 3162 Aedituos
229 3107 329 3162 habeat
347 3107 411 3162 belli
429 3111 551 3177 spectata
568 3109 696 3182 domique
890 3141 919 3184 aa
