2008 3416
397 379 671 450 SATIRARUM

316 615 483 673 LIBER
516 613 738 678 PRIMUS<

521 838 536 894 I

109 917 165 982 Qur
182 918 222 986 fit,
240 917 391 988 Maecenas,
408 923 441 974 ut
458 936 538 974 nemo
555 935 638 989 quem
656 920 709 974 sibi
725 924 829 984 sortem

109 992 165 1048 Seu
181 995 251 1048 ratio
269 993 378 1048 dederit
395 1011 444 1049 seu
460 996 517 1048 fors
534 995 667 1063 objecerit
683 995 730 1049 ills

109 1068 260 1124 Contentus
277 1070 358 1138 vivat,
375 1070 470 1124 laudet
487 1070 596 1124 diverse
614 1073 777 1139 sequentesl

109 1143 157 1197 “O
174 1145 305 1199 fortunati
323 1149 486 1200 mercatores
498 1146 519 1199 !''
537 1145 627 1214 gravis
644 1145 722 1199 annis

109 1217 190 1272 Miles
206 1220 246 1274 sit
263 1220 349 1274 multo
363 1220 423 1289 jem
440 1221 542 1274 fractus
559 1219 682 1274 membra
698 1219 797 1274 labore.
955 1241 969 1281 5

109 1293 211 1348 Contra
227 1299 367 1363 mercator,
385 1311 481 1349 navem
495 1295 664 1362 jactantibus
682 1295 805 1350 Austris:

109 1368 231 1424 “Militia
248 1374 292 1424 est
309 1371 405 1440 potior.
441 1370 514 1434 Quid
531 1371 612 1436 enim,
630 1370 812 1424 concurritur:
828 1370 921 1429 horae

109 1442 249 1499 Momento
266 1445 321 1499 cita
337 1462 411 1499 mors
427 1445 503 1499 venit
520 1449 568 1499 eut
584 1445 697 1499 victoris
713 1445 806 1499 leetu”

109 1517 265 1586 Agricolam
282 1520 376 1574 laudet
390 1520 463 1589 juris
480 1521 625 1588 legumque
642 1520 753 1589 peritus,

109 1593 167 1647 Sub
183 1595 247 1662 galli
265 1600 374 1654 cantum
391 1596 528 1650 consultor
544 1595 592 1648 ubi
610 1595 680 1649 ostie
697 1596 793 1663 pulset
942 1616 967 1655 ιο

110 1668 162 1723 Ille
179 1670 251 1724 datis
269 1670 384 1726 rudibus
402 1672 449 1740 qui
466 1688 531 1725 rure
549 1672 687 1725 extractus
704 1670 733 1723 in
750 1670 849 1725 urbem
867 1678 916 1729 est

110 1744 186 1798 Solos
202 1745 295 1799 felices
312 1746 434 1800 viventes
451 1747 550 1800 elamat
567 1746 596 1798 in
612 1745 686 1799 urbe
847 1798 852 1808 ,

109 1819 209 1873 Cetera
225 1820 262 1873 de
278 1837 380 1888 genere
398 1821 455 1889 hoe,
473 1822 542 1874 adeo
560 1825 625 1875 sunt
642 1821 734 1889 mults,
752 1821 894 1890 loquacem

108 1893 253 1948 Delassare
271 1895 364 1949 valent
382 1895 505 1950 Fabium.
539 1897 631 1950 Note
648 1913 746 1963 morer,
764 1897 829 1950 cudi

109 1967 168 2032 Quo
185 1986 244 2024 rem
262 1970 403 2025 deducam.
437 1971 466 2026 si
484 1971 546 2041 quis
564 1971 646 2038 Deus,
659 1971 724 2024 “En
741 1971 813 2039 ego,”
826 1971 910 2040 dieat,
940 1991 962 2028 ιε

109 2044 195 2098 “Jam
212 2046 310 2101 faciam
328 2047 401 2119 quod
419 2047 514 2102 vultis:
534 2047 588 2100 cris
604 2050 644 2114 tu,
662 2046 709 2115 qui
726 2046 807 2100 modo
824 2047 913 2115 miles,

108 2119 260 2188 Mercator;
277 2127 316 2190 tu,
333 2123 472 2178 consultus
489 2123 577 2190 modo,
595 2122 726 2176 rusticus:
744 2121 806 2175 hinc
823 2137 879 2186 vos,

108 2194 166 2247 Vos
182 2196 246 2250 hinc
263 2198 375 2251 mutatis
393 2197 526 2252 discedite
543 2196 681 2266 partibus:
700 2196 764 2250 Eia!

108 2269 182 2333 Quid
199 2271 277 2324 statis
284 2271 309 2325 l’
329 2272 423 2326 nolint.
458 2273 547 2342 Atqui
564 2271 629 2326 licet
646 2288 706 2325 esse
723 2271 820 2326 beatis.

108 2344 181 2408 Quid
199 2361 295 2400 causeo
313 2350 357 2400 est
374 2347 472 2401 merito
489 2347 556 2418 quin
573 2347 627 2400 illis
645 2347 776 2416 luppiter
792 2345 889 2400 ambas
937 2368 960 2403 ε,

108 2419 200 2474 Iratus
217 2419 317 2475 buccas
333 2421 418 2490 inflet,
436 2439 526 2491 neque
544 2438 573 2475 se
590 2422 649 2475 fore
665 2421 779 2491 posthae

108 2494 174 2548 'lam
188 2495 294 2551 facilem
312 2496 387 2551 dicat
403 2498 474 2552 votis
490 2501 523 2550 ut
539 2497 671 2565 praebeat
686 2498 797 2552 sureml

108 2570 254 2626 Praetereo
270 2589 305 2627 no
323 2573 369 2644 sio,
386 2576 418 2627 ut
436 2572 483 2641 qui
497 2571 637 2642 jocularis,
654 2571 748 2625 ridens

107 2646 269 2704 Pcrcurrarn
287 2651 460 2717 (quamquam
477 2647 613 2701 ridentem
631 2646 723 2700 dicere
740 2663 836 2701 verum

108 2723 180 2788 Quid
197 2725 293 2780 vetati
309 2727 342 2784 ut
358 2723 451 2793 pueris
468 2722 532 2781 olim
550 2721 618 2775 dent
635 2721 757 2776 crustula
772 2720 868 2776 blondi
934 2739 959 2778 ss

107 2797 247 2869 Doctores,
265 2798 400 2852 elemento
416 2797 503 2871 velint
520 2800 552 2850 ut
569 2797 675 2850 discere
693 2797 805 2926 {rimam

106 2872 163 2926 Sed
180 2876 272 2936 tamen
290 2877 380 2927 amoto
398 2888 560 2944 quaeramus
578 2872 650 2925 serio
667 2872 696 2926 lu
717 2888 739 2926 ο.

107 2946 159 2999 lllo
175 2963 285 3012 gravem
303 2947 371 2999 duro
388 2951 491 3002 terrum
510 2947 557 3016 qui
574 2947 659 3006 vertit
676 2952 774 3016 aratro,

107 3018 232 3071 Perfidus
250 3019 294 3071 hic
311 3035 404 3095 caupo,
421 3021 506 3090 miles¹
524 3026 679 3090 nautaeque
696 3039 747 3090 per
764 3038 844 3076 omne

112 3091 234 3146 Audaces
251 3106 325 3142 muro
342 3093 390 3158 qui
408 3096 528 3160 currunt,
545 3094 596 3148 huo
613 3100 705 3150 mente
722 3095 845 3150 laborem
934 3109 959 3146 30
