<?xml version="1.0" encoding="UTF-8"?>
<!DOCTYPE html PUBLIC "-//W3C//DTD XHTML 1.0 Transitional//EN"
    "http://www.w3.org/TR/xhtml1/DTD/xhtml1-transitional.dtd">
<html xmlns="http://www.w3.org/1999/xhtml" xml:lang="en" lang="en">
 <head>
  <title>
</title>
<meta http-equiv="Content-Type" content="text/html;charset=utf-8" />
  <meta name='ocr-system' content='tesseract 3.04.00' />
  <meta name='ocr-capabilities' content='ocr_page ocr_carea ocr_par ocr_line ocrx_word'/>
</head>
<body>
  <div class='ocr_page' id='page_1' title='image "./quintihoratiifl01maclgoog_0217.png"; bbox 0 0 2044 3416; ppageno 0'>
   <div class='ocr_carea' id='block_1_1' title="bbox 100 105 964 2815">
    <p class='ocr_par' dir='ltr' id='par_1_1' title="bbox 100 105 677 164">
     <span class='ocr_line' id='line_1_1' title="bbox 100 105 677 164; baseline 0.005 -8"><span class='ocrx_word' id='word_1_1' title='bbox 100 107 148 156; x_wconf 75' lang='lat'>204</span> <span class='ocrx_word' id='word_1_2' title='bbox 376 105 531 156; x_wconf 84' lang='lat' dir='ltr'><strong>HORATII</strong></span> <span class='ocrx_word' id='word_1_3' title='bbox 543 107 677 164; x_wconf 58' lang='lat' dir='ltr'>,susem</span> 
     </span>
    </p>

    <p class='ocr_par' dir='ltr' id='par_1_2' title="bbox 101 183 794 255">
     <span class='ocr_line' id='line_1_2' title="bbox 101 183 794 255; baseline 0.009 -16"><span class='ocrx_word' id='word_1_4' title='bbox 101 183 250 250; x_wconf 82' lang='lat' dir='ltr'>Inciderit;</span> <span class='ocrx_word' id='word_1_5' title='bbox 273 199 325 240; x_wconf 89' lang='lat' dir='ltr'>nec</span> <span class='ocrx_word' id='word_1_6' title='bbox 341 188 441 254; x_wconf 89' lang='lat' dir='ltr'>quarta</span> <span class='ocrx_word' id='word_1_7' title='bbox 457 185 532 254; x_wconf 92' lang='lat' dir='ltr'>loqui</span> <span class='ocrx_word' id='word_1_8' title='bbox 549 202 665 255; x_wconf 88' lang='lat' dir='ltr'>persona</span> <span class='ocrx_word' id='word_1_9' title='bbox 681 186 794 245; x_wconf 84' lang='lat' dir='ltr'>laboret.</span> 
     </span>
    </p>

    <p class='ocr_par' dir='ltr' id='par_1_3' title="bbox 102 260 727 332">
     <span class='ocr_line' id='line_1_3' title="bbox 102 260 727 332; baseline 0.005 -18"><span class='ocrx_word' id='word_1_10' title='bbox 102 260 215 314; x_wconf 85' lang='lat' dir='ltr'>Actoris</span> <span class='ocrx_word' id='word_1_11' title='bbox 231 263 327 329; x_wconf 83' lang='lat' dir='ltr'>partes</span> <span class='ocrx_word' id='word_1_12' title='bbox 344 261 442 315; x_wconf 90' lang='lat' dir='ltr'>chorus</span> <span class='ocrx_word' id='word_1_13' title='bbox 459 261 631 332; x_wconf 89' lang='lat' dir='ltr'>officiumque</span> <span class='ocrx_word' id='word_1_14' title='bbox 647 262 727 316; x_wconf 83' lang='lat' dir='ltr'>virile</span> 
     </span>
    </p>

    <p class='ocr_par' dir='ltr' id='par_1_4' title="bbox 103 334 786 405">
     <span class='ocr_line' id='line_1_4' title="bbox 103 334 786 405; baseline 0.004 -16"><span class='ocrx_word' id='word_1_15' title='bbox 103 335 248 403; x_wconf 77' lang='lat' dir='ltr'>Defendet,</span> <span class='ocrx_word' id='word_1_16' title='bbox 266 353 320 390; x_wconf 91' lang='lat' dir='ltr'>neu</span> <span class='ocrx_word' id='word_1_17' title='bbox 338 336 406 405; x_wconf 92' lang='lat' dir='ltr'>quid</span> <span class='ocrx_word' id='word_1_18' title='bbox 423 336 528 390; x_wconf 89' lang='lat' dir='ltr'>medios</span> <span class='ocrx_word' id='word_1_19' title='bbox 544 334 691 392; x_wconf 86' lang='lat' dir='ltr'>intercinat</span> <span class='ocrx_word' id='word_1_20' title='bbox 708 341 786 392; x_wconf 85' lang='lat' dir='ltr'>actus</span> 
     </span>
    </p>

    <p class='ocr_par' dir='ltr' id='par_1_5' title="bbox 104 408 964 557">
     <span class='ocr_line' id='line_1_5' title="bbox 104 408 964 484; baseline 0.01 -21"><span class='ocrx_word' id='word_1_21' title='bbox 104 408 185 474; x_wconf 84' lang='lat' dir='ltr'>Quod</span> <span class='ocrx_word' id='word_1_22' title='bbox 201 425 256 466; x_wconf 87' lang='lat' dir='ltr'>non</span> <span class='ocrx_word' id='word_1_23' title='bbox 273 411 414 481; x_wconf 89' lang='lat' dir='ltr'>proposito</span> <span class='ocrx_word' id='word_1_24' title='bbox 431 412 565 467; x_wconf 89' lang='lat' dir='ltr'>conducat</span> <span class='ocrx_word' id='word_1_25' title='bbox 582 417 611 468; x_wconf 89' lang='lat' dir='ltr'>et</span> <span class='ocrx_word' id='word_1_26' title='bbox 627 412 742 469; x_wconf 76' lang='lat' dir='ltr'>haereat</span> <span class='ocrx_word' id='word_1_27' title='bbox 758 417 830 484; x_wconf 86' lang='lat' dir='ltr'>apte.</span> <span class='ocrx_word' id='word_1_28' title='bbox 924 430 964 472; x_wconf 77' lang='lat'>1⁹⁵</span> 
     </span>
     <span class='ocr_line' id='line_1_6' title="bbox 104 483 747 557; baseline 0.006 -18"><span class='ocrx_word' id='word_1_29' title='bbox 104 484 157 539; x_wconf 89' lang='lat' dir='ltr'>Ille</span> <span class='ocrx_word' id='word_1_30' title='bbox 173 483 253 542; x_wconf 87' lang='lat' dir='ltr'>bonis</span> <span class='ocrx_word' id='word_1_31' title='bbox 270 487 415 555; x_wconf 81' lang='lat' dir='ltr'>faveatque</span> <span class='ocrx_word' id='word_1_32' title='bbox 433 490 462 542; x_wconf 90' lang='lat' dir='ltr'>et</span> <span class='ocrx_word' id='word_1_33' title='bbox 478 487 637 542; x_wconf 74' lang='lat' dir='ltr'>consilietur</span> <span class='ocrx_word' id='word_1_34' title='bbox 654 489 747 557; x_wconf 79' lang='lat' dir='ltr'>amice,</span> 
     </span>
    </p>

    <p class='ocr_par' dir='ltr' id='par_1_6' title="bbox 104 561 769 631">
     <span class='ocr_line' id='line_1_7' title="bbox 104 561 769 631; baseline 0 -15"><span class='ocrx_word' id='word_1_35' title='bbox 104 561 143 616; x_wconf 82' lang='lat' dir='ltr'>Et</span> <span class='ocrx_word' id='word_1_36' title='bbox 159 566 238 630; x_wconf 89' lang='lat' dir='ltr'>regat</span> <span class='ocrx_word' id='word_1_37' title='bbox 254 562 340 616; x_wconf 88' lang='lat' dir='ltr'>iratos</span> <span class='ocrx_word' id='word_1_38' title='bbox 357 566 387 617; x_wconf 93' lang='lat' dir='ltr'>et</span> <span class='ocrx_word' id='word_1_39' title='bbox 404 565 478 617; x_wconf 85' lang='lat' dir='ltr'>emet</span> <span class='ocrx_word' id='word_1_40' title='bbox 494 579 607 631; x_wconf 88' lang='lat' dir='ltr'>peccare</span> <span class='ocrx_word' id='word_1_41' title='bbox 624 562 769 626; x_wconf 61' lang='lat' dir='ltr'>timentem</span> 
     </span>
    </p>

    <p class='ocr_par' dir='ltr' id='par_1_7' title="bbox 104 635 838 783">
     <span class='ocr_line' id='line_1_8' title="bbox 105 635 838 706; baseline 0.003 -16"><span class='ocrx_word' id='word_1_42' title='bbox 105 635 158 692; x_wconf 91' lang='lat' dir='ltr'>llle</span> <span class='ocrx_word' id='word_1_43' title='bbox 175 637 261 706; x_wconf 87' lang='lat' dir='ltr'>dapes</span> <span class='ocrx_word' id='word_1_44' title='bbox 278 637 374 692; x_wconf 85' lang='lat' dir='ltr'>laudet</span> <span class='ocrx_word' id='word_1_45' title='bbox 390 653 501 692; x_wconf 78' lang='lat' dir='ltr'><strong>mensae</strong></span> <span class='ocrx_word' id='word_1_46' title='bbox 519 637 618 706; x_wconf 82' lang='lat' dir='ltr'>brevis,</span> <span class='ocrx_word' id='word_1_47' title='bbox 636 638 683 692; x_wconf 92' lang='lat' dir='ltr'>ille</span> <span class='ocrx_word' id='word_1_48' title='bbox 701 637 838 692; x_wconf 78' lang='lat' dir='ltr'>salubrem</span> 
     </span>
     <span class='ocr_line' id='line_1_9' title="bbox 104 712 754 783; baseline 0.002 -18"><span class='ocrx_word' id='word_1_49' title='bbox 104 712 248 767; x_wconf 88' lang='lat' dir='ltr'>Justitiam</span> <span class='ocrx_word' id='word_1_50' title='bbox 265 712 395 781; x_wconf 79' lang='lat' dir='ltr'>legesque</span> <span class='ocrx_word' id='word_1_51' title='bbox 412 717 442 768; x_wconf 91' lang='lat' dir='ltr'>et</span> <span class='ocrx_word' id='word_1_52' title='bbox 458 713 561 783; x_wconf 88' lang='lat' dir='ltr'>apertis</span> <span class='ocrx_word' id='word_1_53' title='bbox 579 714 636 768; x_wconf 88' lang='lat' dir='ltr'>otia</span> <span class='ocrx_word' id='word_1_54' title='bbox 652 713 754 782; x_wconf 85' lang='lat' dir='ltr'>portis;</span> 
     </span>
    </p>

    <p class='ocr_par' dir='ltr' id='par_1_8' title="bbox 104 787 964 932">
     <span class='ocr_line' id='line_1_10' title="bbox 105 787 964 858; baseline 0.001 -16"><span class='ocrx_word' id='word_1_55' title='bbox 105 787 159 842; x_wconf 87' lang='lat' dir='ltr'>Ille</span> <span class='ocrx_word' id='word_1_56' title='bbox 175 791 253 855; x_wconf 85' lang='lat' dir='ltr'>teget</span> <span class='ocrx_word' id='word_1_57' title='bbox 270 789 413 842; x_wconf 82' lang='lat' dir='ltr'>commisse</span> <span class='ocrx_word' id='word_1_58' title='bbox 430 789 551 858; x_wconf 83' lang='lat' dir='ltr'>deosque</span> <span class='ocrx_word' id='word_1_59' title='bbox 567 791 695 858; x_wconf 88' lang='lat' dir='ltr'>precetur</span> <span class='ocrx_word' id='word_1_60' title='bbox 712 792 742 843; x_wconf 91' lang='lat' dir='ltr'>et</span> <span class='ocrx_word' id='word_1_61' title='bbox 758 790 827 857; x_wconf 89' lang='lat' dir='ltr'>oret,</span> <span class='ocrx_word' id='word_1_62' title='bbox 922 803 964 844; x_wconf 80' lang='lat' dir='ltr'>soc</span> 
     </span>
     <span class='ocr_line' id='line_1_11' title="bbox 104 862 770 932; baseline 0 -14"><span class='ocrx_word' id='word_1_63' title='bbox 104 862 147 918; x_wconf 87' lang='lat' dir='ltr'>Ut</span> <span class='ocrx_word' id='word_1_64' title='bbox 163 863 260 917; x_wconf 89' lang='lat' dir='ltr'>redeat</span> <span class='ocrx_word' id='word_1_65' title='bbox 277 863 392 932; x_wconf 89' lang='lat' dir='ltr'>miseris,</span> <span class='ocrx_word' id='word_1_66' title='bbox 410 863 494 919; x_wconf 88' lang='lat' dir='ltr'>abeat</span> <span class='ocrx_word' id='word_1_67' title='bbox 510 865 621 918; x_wconf 83' lang='lat' dir='ltr'>fortuna</span> <span class='ocrx_word' id='word_1_68' title='bbox 638 863 770 932; x_wconf 90' lang='lat' dir='ltr'>superbis.</span> 
     </span>
    </p>

    <p class='ocr_par' dir='ltr' id='par_1_9' title="bbox 105 937 806 1008">
     <span class='ocr_line' id='line_1_12' title="bbox 105 937 806 1008; baseline 0.001 -16"><span class='ocrx_word' id='word_1_69' title='bbox 105 937 184 992; x_wconf 78' lang='lat' dir='ltr'>&#39;libia</span> <span class='ocrx_word' id='word_1_70' title='bbox 200 953 254 992; x_wconf 88' lang='lat' dir='ltr'>non</span> <span class='ocrx_word' id='word_1_71' title='bbox 270 942 303 993; x_wconf 88' lang='lat' dir='ltr'>ut</span> <span class='ocrx_word' id='word_1_72' title='bbox 320 955 392 993; x_wconf 91' lang='lat' dir='ltr'>nunc</span> <span class='ocrx_word' id='word_1_73' title='bbox 409 939 542 993; x_wconf 82' lang='lat' dir='ltr'>orichalco</span> <span class='ocrx_word' id='word_1_74' title='bbox 559 939 651 994; x_wconf 85' lang='lat' dir='ltr'>vincta</span> <span class='ocrx_word' id='word_1_75' title='bbox 667 937 806 1008; x_wconf 86' lang='lat' dir='ltr'>tubaeque</span> 
     </span>
    </p>

    <p class='ocr_par' dir='ltr' id='par_1_10' title="bbox 106 1013 847 1158">
     <span class='ocr_line' id='line_1_13' title="bbox 106 1013 847 1084; baseline 0 -16"><span class='ocrx_word' id='word_1_76' title='bbox 106 1014 233 1083; x_wconf 80' lang='lat' dir='ltr'>Aemula,</span> <span class='ocrx_word' id='word_1_77' title='bbox 250 1013 301 1069; x_wconf 88' lang='lat' dir='ltr'>sed</span> <span class='ocrx_word' id='word_1_78' title='bbox 317 1014 410 1068; x_wconf 86' lang='lat' dir='ltr'>tenuis</span> <span class='ocrx_word' id='word_1_79' title='bbox 427 1015 596 1084; x_wconf 80' lang='lat' dir='ltr'>simplexque</span> <span class='ocrx_word' id='word_1_80' title='bbox 613 1013 745 1068; x_wconf 85' lang='lat' dir='ltr'>foramine</span> <span class='ocrx_word' id='word_1_81' title='bbox 761 1028 847 1084; x_wconf 85' lang='lat' dir='ltr'>pauco</span> 
     </span>
     <span class='ocr_line' id='line_1_14' title="bbox 106 1089 799 1158; baseline -0.001 -14"><span class='ocrx_word' id='word_1_82' title='bbox 106 1089 259 1158; x_wconf 74' lang='lat' dir='ltr'>Adspirate</span> <span class='ocrx_word' id='word_1_83' title='bbox 276 1092 306 1144; x_wconf 88' lang='lat' dir='ltr'>et</span> <span class='ocrx_word' id='word_1_84' title='bbox 323 1090 421 1145; x_wconf 87' lang='lat' dir='ltr'>adesse</span> <span class='ocrx_word' id='word_1_85' title='bbox 437 1091 526 1145; x_wconf 88' lang='lat' dir='ltr'>choris</span> <span class='ocrx_word' id='word_1_86' title='bbox 543 1093 605 1144; x_wconf 87' lang='lat' dir='ltr'>erat</span> <span class='ocrx_word' id='word_1_87' title='bbox 621 1089 697 1143; x_wconf 88' lang='lat' dir='ltr'>utilis</span> <span class='ocrx_word' id='word_1_88' title='bbox 714 1093 799 1158; x_wconf 86' lang='lat' dir='ltr'>utque</span> 
     </span>
    </p>

    <p class='ocr_par' dir='ltr' id='par_1_11' title="bbox 105 1164 964 1310">
     <span class='ocr_line' id='line_1_15' title="bbox 105 1164 964 1234; baseline 0.001 -16"><span class='ocrx_word' id='word_1_89' title='bbox 105 1165 237 1220; x_wconf 86' lang='lat' dir='ltr'>Nondum</span> <span class='ocrx_word' id='word_1_90' title='bbox 254 1167 341 1234; x_wconf 88' lang='lat' dir='ltr'>spissa</span> <span class='ocrx_word' id='word_1_91' title='bbox 357 1165 439 1220; x_wconf 88' lang='lat' dir='ltr'>nimis</span> <span class='ocrx_word' id='word_1_92' title='bbox 456 1165 591 1233; x_wconf 88' lang='lat' dir='ltr'>complere</span> <span class='ocrx_word' id='word_1_93' title='bbox 608 1165 705 1219; x_wconf 87' lang='lat' dir='ltr'>sedilia</span> <span class='ocrx_word' id='word_1_94' title='bbox 721 1164 803 1230; x_wconf 89' lang='lat' dir='ltr'>flatu;</span> <span class='ocrx_word' id='word_1_95' title='bbox 922 1179 964 1220; x_wconf 76' lang='lat' dir='ltr'>aaa</span> 
     </span>
     <span class='ocr_line' id='line_1_16' title="bbox 107 1240 806 1310; baseline -0.003 -16"><span class='ocrx_word' id='word_1_96' title='bbox 107 1240 167 1305; x_wconf 82' lang='lat' dir='ltr'>Quo</span> <span class='ocrx_word' id='word_1_97' title='bbox 184 1257 250 1296; x_wconf 84' lang='lat' dir='ltr'>sane</span> <span class='ocrx_word' id='word_1_98' title='bbox 266 1241 382 1310; x_wconf 88' lang='lat' dir='ltr'>populus</span> <span class='ocrx_word' id='word_1_99' title='bbox 399 1240 575 1294; x_wconf 89' lang='lat' dir='ltr'>numerabilis</span> <span class='ocrx_word' id='word_1_100' title='bbox 592 1243 689 1309; x_wconf 89' lang='lat' dir='ltr'>utpote</span> <span class='ocrx_word' id='word_1_101' title='bbox 705 1255 806 1308; x_wconf 79' lang='lat' dir='ltr'>parvus</span> 
     </span>
    </p>

    <p class='ocr_par' dir='ltr' id='par_1_12' title="bbox 106 1315 753 1385">
     <span class='ocr_line' id='line_1_17' title="bbox 106 1315 753 1385; baseline 0 -15"><span class='ocrx_word' id='word_1_102' title='bbox 106 1315 144 1370; x_wconf 87' lang='lat' dir='ltr'>Et</span> <span class='ocrx_word' id='word_1_103' title='bbox 160 1316 233 1385; x_wconf 82' lang='lat' dir='ltr'>frugi</span> <span class='ocrx_word' id='word_1_104' title='bbox 251 1319 396 1385; x_wconf 86' lang='lat' dir='ltr'>castusque</span> <span class='ocrx_word' id='word_1_105' title='bbox 413 1315 637 1384; x_wconf 82' lang='lat' dir='ltr'>verecundusque</span> <span class='ocrx_word' id='word_1_106' title='bbox 654 1315 753 1370; x_wconf 85' lang='lat' dir='ltr'>coibat.</span> 
     </span>
    </p>

    <p class='ocr_par' dir='ltr' id='par_1_13' title="bbox 105 1389 880 1536">
     <span class='ocr_line' id='line_1_18' title="bbox 106 1389 880 1460; baseline 0.003 -16"><span class='ocrx_word' id='word_1_107' title='bbox 106 1390 256 1460; x_wconf 88' lang='lat' dir='ltr'>Postquam</span> <span class='ocrx_word' id='word_1_108' title='bbox 273 1392 364 1460; x_wconf 90' lang='lat' dir='ltr'>coepit</span> <span class='ocrx_word' id='word_1_109' title='bbox 381 1407 461 1459; x_wconf 88' lang='lat' dir='ltr'>egros</span> <span class='ocrx_word' id='word_1_110' title='bbox 478 1390 628 1445; x_wconf 75' lang='lat' dir='ltr'>extendere</span> <span class='ocrx_word' id='word_1_111' title='bbox 645 1389 733 1444; x_wconf 80' lang='lat' dir='ltr'>victor</span> <span class='ocrx_word' id='word_1_112' title='bbox 749 1393 781 1444; x_wconf 92' lang='lat' dir='ltr'>et</span> <span class='ocrx_word' id='word_1_113' title='bbox 796 1389 880 1446; x_wconf 86' lang='lat' dir='ltr'>urbes</span> 
     </span>
     <span class='ocr_line' id='line_1_19' title="bbox 105 1465 709 1536; baseline -0.005 -15"><span class='ocrx_word' id='word_1_114' title='bbox 105 1467 201 1521; x_wconf 84' lang='lat' dir='ltr'>Latior</span> <span class='ocrx_word' id='word_1_115' title='bbox 217 1467 345 1536; x_wconf 78' lang='lat' dir='ltr'>amplecti</span> <span class='ocrx_word' id='word_1_116' title='bbox 364 1482 459 1521; x_wconf 90' lang='lat' dir='ltr'>murus</span> <span class='ocrx_word' id='word_1_117' title='bbox 475 1467 593 1535; x_wconf 81' lang='lat' dir='ltr'>uinoque</span> <span class='ocrx_word' id='word_1_118' title='bbox 611 1465 709 1518; x_wconf 88' lang='lat' dir='ltr'>diurno</span> 
     </span>
    </p>

    <p class='ocr_par' dir='ltr' id='par_1_14' title="bbox 106 1540 964 1835">
     <span class='ocr_line' id='line_1_20' title="bbox 106 1540 964 1610; baseline 0.002 -14"><span class='ocrx_word' id='word_1_119' title='bbox 106 1541 212 1596; x_wconf 84' lang='lat' dir='ltr'>Placari</span> <span class='ocrx_word' id='word_1_120' title='bbox 231 1541 334 1597; x_wconf 82' lang='lat' dir='ltr'>Genius</span> <span class='ocrx_word' id='word_1_121' title='bbox 351 1541 430 1596; x_wconf 87' lang='lat' dir='ltr'>festis</span> <span class='ocrx_word' id='word_1_122' title='bbox 447 1541 561 1610; x_wconf 89' lang='lat' dir='ltr'>impune</span> <span class='ocrx_word' id='word_1_123' title='bbox 578 1540 684 1608; x_wconf 87' lang='lat' dir='ltr'>diebus,</span> <span class='ocrx_word' id='word_1_124' title='bbox 914 1548 964 1598; x_wconf 77' lang='lat' dir='ltr'>&#39;aro</span> 
     </span>
     <span class='ocr_line' id='line_1_21' title="bbox 107 1615 831 1686; baseline -0.001 -15"><span class='ocrx_word' id='word_1_125' title='bbox 107 1618 232 1673; x_wconf 79' lang='lat' dir='ltr'>Accessit</span> <span class='ocrx_word' id='word_1_126' title='bbox 248 1617 424 1686; x_wconf 84' lang='lat' dir='ltr'>numerisque</span> <span class='ocrx_word' id='word_1_127' title='bbox 441 1616 584 1686; x_wconf 88' lang='lat' dir='ltr'>modisque</span> <span class='ocrx_word' id='word_1_128' title='bbox 601 1615 713 1670; x_wconf 88' lang='lat' dir='ltr'>licentia</span> <span class='ocrx_word' id='word_1_129' title='bbox 727 1615 831 1684; x_wconf 83' lang='lat' dir='ltr'>major3</span> 
     </span>
     <span class='ocr_line' id='line_1_22' title="bbox 107 1689 827 1762; baseline 0 -16"><span class='ocrx_word' id='word_1_130' title='bbox 107 1694 239 1748; x_wconf 89' lang='lat' dir='ltr'>Indoctus</span> <span class='ocrx_word' id='word_1_131' title='bbox 257 1693 326 1762; x_wconf 89' lang='lat' dir='ltr'>quid</span> <span class='ocrx_word' id='word_1_132' title='bbox 343 1693 415 1748; x_wconf 89' lang='lat' dir='ltr'>enim</span> <span class='ocrx_word' id='word_1_133' title='bbox 433 1697 544 1762; x_wconf 81' lang='lat' dir='ltr'>saperet</span> <span class='ocrx_word' id='word_1_134' title='bbox 560 1692 685 1760; x_wconf 87' lang='lat' dir='ltr'>liberque</span> <span class='ocrx_word' id='word_1_135' title='bbox 702 1689 827 1746; x_wconf 85' lang='lat' dir='ltr'>laborum</span> 
     </span>
     <span class='ocr_line' id='line_1_23' title="bbox 106 1765 773 1835; baseline 0 -15"><span class='ocrx_word' id='word_1_136' title='bbox 106 1766 237 1820; x_wconf 86' lang='lat' dir='ltr'>Rusticus</span> <span class='ocrx_word' id='word_1_137' title='bbox 254 1765 360 1820; x_wconf 86' lang='lat' dir='ltr'>urbano</span> <span class='ocrx_word' id='word_1_138' title='bbox 377 1767 512 1834; x_wconf 81' lang='lat' dir='ltr'>confusus,</span> <span class='ocrx_word' id='word_1_139' title='bbox 530 1766 620 1835; x_wconf 89' lang='lat' dir='ltr'>turpis</span> <span class='ocrx_word' id='word_1_140' title='bbox 639 1767 773 1820; x_wconf 88' lang='lat' dir='ltr'>honestol</span> 
     </span>
    </p>

    <p class='ocr_par' dir='ltr' id='par_1_15' title="bbox 106 1840 963 2058">
     <span class='ocr_line' id='line_1_24' title="bbox 106 1840 845 1912; baseline -0.001 -15"><span class='ocrx_word' id='word_1_141' title='bbox 106 1842 152 1897; x_wconf 89' lang='lat' dir='ltr'>Sic</span> <span class='ocrx_word' id='word_1_142' title='bbox 167 1843 273 1912; x_wconf 82' lang='lat' dir='ltr'>priscae</span> <span class='ocrx_word' id='word_1_143' title='bbox 289 1845 450 1910; x_wconf 91' lang='lat' dir='ltr'>motumque</span> <span class='ocrx_word' id='word_1_144' title='bbox 467 1845 496 1896; x_wconf 88' lang='lat' dir='ltr'>et</span> <span class='ocrx_word' id='word_1_145' title='bbox 513 1842 649 1896; x_wconf 86' lang='lat' dir='ltr'>luxuriem</span> <span class='ocrx_word' id='word_1_146' title='bbox 666 1840 776 1895; x_wconf 88' lang='lat' dir='ltr'>eddidit</span> <span class='ocrx_word' id='word_1_147' title='bbox 792 1841 845 1896; x_wconf 85' lang='lat' dir='ltr'>arti</span> 
     </span>
     <span class='ocr_line' id='line_1_25' title="bbox 106 1913 963 1986; baseline 0.001 -14"><span class='ocrx_word' id='word_1_148' title='bbox 106 1916 219 1972; x_wconf 78' lang='lat' dir='ltr'>&#39;libicen</span> <span class='ocrx_word' id='word_1_149' title='bbox 236 1917 378 1986; x_wconf 80' lang='lat' dir='ltr'>traxitque</span> <span class='ocrx_word' id='word_1_150' title='bbox 395 1933 480 1985; x_wconf 81' lang='lat' dir='ltr'>vagus</span> <span class='ocrx_word' id='word_1_151' title='bbox 497 1934 549 1986; x_wconf 87' lang='lat' dir='ltr'>per</span> <span class='ocrx_word' id='word_1_152' title='bbox 565 1917 674 1986; x_wconf 90' lang='lat' dir='ltr'>pulpita</span> <span class='ocrx_word' id='word_1_153' title='bbox 689 1913 810 1982; x_wconf 80' lang='lat' dir='ltr'>restem3</span> <span class='ocrx_word' id='word_1_154' title='bbox 924 1933 963 1974; x_wconf 80' lang='lat'>21⁵</span> 
     </span>
     <span class='ocr_line' id='line_1_26' title="bbox 106 1991 724 2058; baseline -0.005 -10"><span class='ocrx_word' id='word_1_155' title='bbox 106 1993 152 2048; x_wconf 88' lang='lat' dir='ltr'>Sic</span> <span class='ocrx_word' id='word_1_156' title='bbox 170 1994 253 2048; x_wconf 85' lang='lat' dir='ltr'>etiem</span> <span class='ocrx_word' id='word_1_157' title='bbox 270 1991 371 2047; x_wconf 91' lang='lat' dir='ltr'>fidibus</span> <span class='ocrx_word' id='word_1_158' title='bbox 388 2008 469 2047; x_wconf 82' lang='lat' dir='ltr'>voces</span> <span class='ocrx_word' id='word_1_159' title='bbox 486 2009 597 2046; x_wconf 75' lang='lat' dir='ltr'>crevere</span> <span class='ocrx_word' id='word_1_160' title='bbox 614 1992 724 2058; x_wconf 89' lang='lat' dir='ltr'>severis,</span> 
     </span>
    </p>

    <p class='ocr_par' dir='ltr' id='par_1_16' title="bbox 106 2067 836 2214">
     <span class='ocr_line' id='line_1_27' title="bbox 106 2067 836 2138; baseline -0.003 -16"><span class='ocrx_word' id='word_1_161' title='bbox 106 2069 145 2123; x_wconf 88' lang='lat' dir='ltr'>Et</span> <span class='ocrx_word' id='word_1_162' title='bbox 161 2069 227 2124; x_wconf 91' lang='lat' dir='ltr'>tulit</span> <span class='ocrx_word' id='word_1_163' title='bbox 244 2069 382 2138; x_wconf 89' lang='lat' dir='ltr'>eloquium</span> <span class='ocrx_word' id='word_1_164' title='bbox 399 2068 539 2122; x_wconf 88' lang='lat' dir='ltr'>insolitum</span> <span class='ocrx_word' id='word_1_165' title='bbox 556 2067 684 2122; x_wconf 80' lang='lat' dir='ltr'>facundia</span> <span class='ocrx_word' id='word_1_166' title='bbox 700 2080 836 2135; x_wconf 87' lang='lat' dir='ltr'>praeceps,</span> 
     </span>
     <span class='ocr_line' id='line_1_28' title="bbox 106 2141 747 2214; baseline -0.006 -15"><span class='ocrx_word' id='word_1_167' title='bbox 106 2145 278 2214; x_wconf 90' lang='lat' dir='ltr'>Utiliumque</span> <span class='ocrx_word' id='word_1_168' title='bbox 295 2161 379 2213; x_wconf 84' lang='lat' dir='ltr'>sagax</span> <span class='ocrx_word' id='word_1_169' title='bbox 397 2160 489 2198; x_wconf 91' lang='lat' dir='ltr'>rerum</span> <span class='ocrx_word' id='word_1_170' title='bbox 507 2147 537 2198; x_wconf 91' lang='lat' dir='ltr'>et</span> <span class='ocrx_word' id='word_1_171' title='bbox 554 2143 646 2197; x_wconf 88' lang='lat' dir='ltr'>divina</span> <span class='ocrx_word' id='word_1_172' title='bbox 660 2141 747 2196; x_wconf 85' lang='lat' dir='ltr'>futuri</span> 
     </span>
    </p>

    <p class='ocr_par' dir='ltr' id='par_1_17' title="bbox 107 2215 784 2288">
     <span class='ocr_line' id='line_1_29' title="bbox 107 2215 784 2288; baseline -0.004 -15"><span class='ocrx_word' id='word_1_173' title='bbox 107 2219 250 2288; x_wconf 79' lang='lat' dir='ltr'>Sortilegis</span> <span class='ocrx_word' id='word_1_174' title='bbox 266 2236 321 2272; x_wconf 91' lang='lat' dir='ltr'>non</span> <span class='ocrx_word' id='word_1_175' title='bbox 338 2219 489 2288; x_wconf 84' lang='lat' dir='ltr'>discrepuit</span> <span class='ocrx_word' id='word_1_176' title='bbox 506 2217 644 2272; x_wconf 86' lang='lat' dir='ltr'>sententia</span> <span class='ocrx_word' id='word_1_177' title='bbox 661 2215 784 2286; x_wconf 86' lang='lat' dir='ltr'>Delphis.</span> 
     </span>
    </p>

    <p class='ocr_par' dir='ltr' id='par_1_18' title="bbox 106 2291 960 2513">
     <span class='ocr_line' id='line_1_30' title="bbox 107 2291 960 2362; baseline -0.009 -10"><span class='ocrx_word' id='word_1_178' title='bbox 107 2294 234 2352; x_wconf 74' lang='lat' dir='ltr'>Carmine</span> <span class='ocrx_word' id='word_1_179' title='bbox 251 2294 298 2362; x_wconf 90' lang='lat' dir='ltr'>qui</span> <span class='ocrx_word' id='word_1_180' title='bbox 315 2295 419 2362; x_wconf 84' lang='lat' dir='ltr'>tragico</span> <span class='ocrx_word' id='word_1_181' title='bbox 436 2295 518 2347; x_wconf 83' lang='lat' dir='ltr'>vllem</span> <span class='ocrx_word' id='word_1_182' title='bbox 535 2292 652 2348; x_wconf 80' lang='lat' dir='ltr'>certarit</span> <span class='ocrx_word' id='word_1_183' title='bbox 668 2291 705 2346; x_wconf 91' lang='lat' dir='ltr'>ob</span> <span class='ocrx_word' id='word_1_184' title='bbox 721 2291 836 2359; x_wconf 90' lang='lat' dir='ltr'>hircum,</span> <span class='ocrx_word' id='word_1_185' title='bbox 922 2305 960 2345; x_wconf 81' lang='lat' dir='ltr'>aso</span> 
     </span>
     <span class='ocr_line' id='line_1_31' title="bbox 106 2367 830 2438; baseline -0.01 -13"><span class='ocrx_word' id='word_1_186' title='bbox 106 2369 173 2426; x_wconf 87' lang='lat' dir='ltr'>Mox</span> <span class='ocrx_word' id='word_1_187' title='bbox 190 2368 273 2424; x_wconf 80' lang='lat' dir='ltr'>otiam</span> <span class='ocrx_word' id='word_1_188' title='bbox 291 2372 414 2436; x_wconf 86' lang='lat' dir='ltr'>agrestes</span> <span class='ocrx_word' id='word_1_189' title='bbox 432 2367 544 2438; x_wconf 80' lang='lat' dir='ltr'>Satyros</span> <span class='ocrx_word' id='word_1_190' title='bbox 561 2367 683 2434; x_wconf 85' lang='lat' dir='ltr'>nudavit,</span> <span class='ocrx_word' id='word_1_191' title='bbox 701 2369 731 2420; x_wconf 85' lang='lat' dir='ltr'>et</span> <span class='ocrx_word' id='word_1_192' title='bbox 747 2380 830 2434; x_wconf 87' lang='lat' dir='ltr'>asper</span> 
     </span>
     <span class='ocr_line' id='line_1_32' title="bbox 107 2440 788 2513; baseline -0.01 -12"><span class='ocrx_word' id='word_1_193' title='bbox 107 2444 240 2501; x_wconf 85' lang='lat' dir='ltr'>Incolumi</span> <span class='ocrx_word' id='word_1_194' title='bbox 258 2443 394 2513; x_wconf 78' lang='lat' dir='ltr'>gravitate</span> <span class='ocrx_word' id='word_1_195' title='bbox 407 2442 502 2512; x_wconf 89' lang='lat' dir='ltr'>jocum</span> <span class='ocrx_word' id='word_1_196' title='bbox 519 2442 645 2509; x_wconf 86' lang='lat' dir='ltr'>tentavit,</span> <span class='ocrx_word' id='word_1_197' title='bbox 662 2457 695 2496; x_wconf 89' lang='lat' dir='ltr'>eo</span> <span class='ocrx_word' id='word_1_198' title='bbox 713 2440 788 2510; x_wconf 90' lang='lat' dir='ltr'>quod</span> 
     </span>
    </p>

    <p class='ocr_par' dir='ltr' id='par_1_19' title="bbox 106 2516 775 2588">
     <span class='ocr_line' id='line_1_33' title="bbox 106 2516 775 2588; baseline -0.009 -14"><span class='ocrx_word' id='word_1_199' title='bbox 106 2520 249 2576; x_wconf 78' lang='lat' dir='ltr'>illecebris</span> <span class='ocrx_word' id='word_1_200' title='bbox 266 2521 327 2574; x_wconf 83' lang='lat' dir='ltr'>erat</span> <span class='ocrx_word' id='word_1_201' title='bbox 343 2522 374 2574; x_wconf 88' lang='lat' dir='ltr'>et</span> <span class='ocrx_word' id='word_1_202' title='bbox 390 2521 471 2588; x_wconf 84' lang='lat' dir='ltr'>grets</span> <span class='ocrx_word' id='word_1_203' title='bbox 487 2518 609 2572; x_wconf 85' lang='lat' dir='ltr'>novitate</span> <span class='ocrx_word' id='word_1_204' title='bbox 625 2516 775 2570; x_wconf 88' lang='lat' dir='ltr'>morandus</span> 
     </span>
    </p>

    <p class='ocr_par' dir='ltr' id='par_1_20' title="bbox 105 2589 958 2815">
     <span class='ocr_line' id='line_1_34' title="bbox 106 2589 843 2669; baseline -0.007 -18"><span class='ocrx_word' id='word_1_205' title='bbox 106 2597 258 2666; x_wconf 80' lang='lat' dir='ltr'>Spectator,</span> <span class='ocrx_word' id='word_1_206' title='bbox 277 2596 442 2664; x_wconf 89' lang='lat' dir='ltr'>functusque</span> <span class='ocrx_word' id='word_1_207' title='bbox 460 2593 545 2648; x_wconf 87' lang='lat' dir='ltr'>sacris</span> <span class='ocrx_word' id='word_1_208' title='bbox 561 2597 592 2648; x_wconf 92' lang='lat' dir='ltr'>et</span> <span class='ocrx_word' id='word_1_209' title='bbox 608 2596 691 2661; x_wconf 90' lang='lat' dir='ltr'>potus</span> <span class='ocrx_word' id='word_1_210' title='bbox 707 2594 737 2645; x_wconf 90' lang='lat' dir='ltr'>et</span> <span class='ocrx_word' id='word_1_211' title='bbox 754 2589 843 2669; x_wconf 80' lang='lat' dir='ltr'>exlex.</span> 
     </span>
     <span class='ocr_line' id='line_1_35' title="bbox 105 2667 958 2738; baseline -0.006 -11"><span class='ocrx_word' id='word_1_212' title='bbox 105 2671 211 2727; x_wconf 89' lang='lat' dir='ltr'>Verum</span> <span class='ocrx_word' id='word_1_213' title='bbox 227 2672 268 2726; x_wconf 88' lang='lat' dir='ltr'>ita</span> <span class='ocrx_word' id='word_1_214' title='bbox 284 2671 392 2738; x_wconf 87' lang='lat' dir='ltr'>risores,</span> <span class='ocrx_word' id='word_1_215' title='bbox 409 2671 451 2724; x_wconf 85' lang='lat' dir='ltr'>ita</span> <span class='ocrx_word' id='word_1_216' title='bbox 466 2667 658 2723; x_wconf 88' lang='lat' dir='ltr'>commendare</span> <span class='ocrx_word' id='word_1_217' title='bbox 675 2667 783 2720; x_wconf 83' lang='lat' dir='ltr'>dicaces</span> <span class='ocrx_word' id='word_1_218' title='bbox 919 2679 958 2722; x_wconf 74' lang='lat'>22⁵</span> 
     </span>
     <span class='ocr_line' id='line_1_36' title="bbox 106 2742 759 2815; baseline -0.012 -13"><span class='ocrx_word' id='word_1_219' title='bbox 106 2748 258 2804; x_wconf 84' lang='lat' dir='ltr'>Conveniet</span> <span class='ocrx_word' id='word_1_220' title='bbox 275 2746 394 2815; x_wconf 79' lang='lat' dir='ltr'>Satyros,</span> <span class='ocrx_word' id='word_1_221' title='bbox 412 2745 453 2800; x_wconf 81' lang='lat' dir='ltr'>ite</span> <span class='ocrx_word' id='word_1_222' title='bbox 469 2747 579 2798; x_wconf 84' lang='lat' dir='ltr'>vertere</span> <span class='ocrx_word' id='word_1_223' title='bbox 597 2743 670 2797; x_wconf 87' lang='lat' dir='ltr'>seria</span> <span class='ocrx_word' id='word_1_224' title='bbox 686 2742 759 2809; x_wconf 92' lang='lat' dir='ltr'>ludo,</span> 
     </span>
    </p>
   </div>
   <div class='ocr_carea' id='block_1_2' title="bbox 106 2815 952 3110">
    <p class='ocr_par' dir='ltr' id='par_1_21' title="bbox 106 2815 884 2966">
     <span class='ocr_line' id='line_1_37' title="bbox 106 2815 884 2893; baseline -0.013 -14"><span class='ocrx_word' id='word_1_225' title='bbox 106 2823 132 2878; x_wconf 88' lang='lat' dir='ltr'>N</span> <span class='ocrx_word' id='word_1_226' title='bbox 135 2841 151 2879; x_wconf 90' lang='lat' dir='ltr'>e</span> <span class='ocrx_word' id='word_1_227' title='bbox 168 2824 323 2893; x_wconf 86' lang='lat' dir='ltr'>quicunque</span> <span class='ocrx_word' id='word_1_228' title='bbox 338 2821 414 2888; x_wconf 89' lang='lat' dir='ltr'>deus,</span> <span class='ocrx_word' id='word_1_229' title='bbox 432 2820 587 2889; x_wconf 86' lang='lat' dir='ltr'>quicunque</span> <span class='ocrx_word' id='word_1_230' title='bbox 605 2816 782 2872; x_wconf 86' lang='lat' dir='ltr'>adhibebitur</span> <span class='ocrx_word' id='word_1_231' title='bbox 797 2815 884 2884; x_wconf 85' lang='lat' dir='ltr'>heros,</span> 
     </span>
     <span class='ocr_line' id='line_1_38' title="bbox 107 2896 764 2966; baseline -0.009 -14"><span class='ocrx_word' id='word_1_232' title='bbox 107 2898 204 2966; x_wconf 87' lang='lat' dir='ltr'>Regali</span> <span class='ocrx_word' id='word_1_233' title='bbox 222 2899 382 2964; x_wconf 86' lang='lat' dir='ltr'>conspectus</span> <span class='ocrx_word' id='word_1_234' title='bbox 399 2896 428 2948; x_wconf 90' lang='lat' dir='ltr'>in</span> <span class='ocrx_word' id='word_1_235' title='bbox 446 2911 513 2949; x_wconf 87' lang='lat' dir='ltr'>auro</span> <span class='ocrx_word' id='word_1_236' title='bbox 529 2909 618 2964; x_wconf 87' lang='lat' dir='ltr'>nuper</span> <span class='ocrx_word' id='word_1_237' title='bbox 635 2897 665 2948; x_wconf 92' lang='lat' dir='ltr'>et</span> <span class='ocrx_word' id='word_1_238' title='bbox 681 2896 764 2960; x_wconf 87' lang='lat' dir='ltr'>ostro,</span> 
     </span>
    </p>

    <p class='ocr_par' dir='ltr' id='par_1_22' title="bbox 106 2967 813 3038">
     <span class='ocr_line' id='line_1_39' title="bbox 106 2967 813 3038; baseline -0.003 -14"><span class='ocrx_word' id='word_1_239' title='bbox 106 2972 211 3038; x_wconf 87' lang='lat' dir='ltr'>Migret</span> <span class='ocrx_word' id='word_1_240' title='bbox 228 2972 257 3023; x_wconf 90' lang='lat' dir='ltr'>in</span> <span class='ocrx_word' id='word_1_241' title='bbox 274 2971 402 3022; x_wconf 85' lang='lat' dir='ltr'>obscuras</span> <span class='ocrx_word' id='word_1_242' title='bbox 419 2969 516 3022; x_wconf 90' lang='lat' dir='ltr'>humili</span> <span class='ocrx_word' id='word_1_243' title='bbox 533 2984 659 3023; x_wconf 89' lang='lat' dir='ltr'>sermone</span> <span class='ocrx_word' id='word_1_244' title='bbox 675 2967 813 3035; x_wconf 81' lang='lat' dir='ltr'>tabernas,</span> 
     </span>
    </p>

    <p class='ocr_par' dir='ltr' id='par_1_23' title="bbox 107 3041 952 3110">
     <span class='ocr_line' id='line_1_40' title="bbox 107 3041 952 3110; baseline 0 -14"><span class='ocrx_word' id='word_1_245' title='bbox 107 3045 168 3096; x_wconf 84' lang='lat' dir='ltr'>Aut</span> <span class='ocrx_word' id='word_1_246' title='bbox 184 3044 249 3095; x_wconf 89' lang='lat' dir='ltr'>dum</span> <span class='ocrx_word' id='word_1_247' title='bbox 266 3044 337 3095; x_wconf 80' lang='lat' dir='ltr'>vitat</span> <span class='ocrx_word' id='word_1_248' title='bbox 353 3043 465 3096; x_wconf 89' lang='lat' dir='ltr'>humum</span> <span class='ocrx_word' id='word_1_249' title='bbox 482 3041 570 3096; x_wconf 88' lang='lat' dir='ltr'>nubes</span> <span class='ocrx_word' id='word_1_250' title='bbox 586 3047 617 3096; x_wconf 92' lang='lat' dir='ltr'>et</span> <span class='ocrx_word' id='word_1_251' title='bbox 633 3043 724 3096; x_wconf 86' lang='lat' dir='ltr'>inania</span> <span class='ocrx_word' id='word_1_252' title='bbox 740 3043 841 3110; x_wconf 81' lang='lat' dir='ltr'>captet</span> <span class='ocrx_word' id='word_1_253' title='bbox 916 3055 952 3096; x_wconf 84' lang='lat' dir='ltr'>rao</span> 
     </span>
    </p>
   </div>
   <div class='ocr_carea' id='block_1_3' title="bbox 107 3115 732 3185">
    <p class='ocr_par' dir='ltr' id='par_1_24' title="bbox 107 3115 732 3185">
     <span class='ocr_line' id='line_1_41' title="bbox 107 3115 732 3185; baseline 0.008 -17"><span class='ocrx_word' id='word_1_254' title='bbox 107 3116 223 3168; x_wconf 84' lang='lat' dir='ltr'>Eliutire</span> <span class='ocrx_word' id='word_1_255' title='bbox 241 3115 315 3168; x_wconf 85' lang='lat' dir='ltr'>leves</span> <span class='ocrx_word' id='word_1_256' title='bbox 331 3115 443 3182; x_wconf 82' lang='lat' dir='ltr'>indigna</span> <span class='ocrx_word' id='word_1_257' title='bbox 460 3117 613 3184; x_wconf 72' lang='lat' dir='ltr'>Tragoedia</span> <span class='ocrx_word' id='word_1_258' title='bbox 629 3133 732 3185; x_wconf 86' lang='lat' dir='ltr'>versus,</span> 
     </span>
    </p>
   </div>
   <div class='ocr_carea' id='block_1_4' title="bbox 0 0 1032 3416">
    <p class='ocr_par' dir='ltr' id='par_1_25' title="bbox 0 0 1032 3416">
     <span class='ocr_line' id='line_1_42' title="bbox 0 0 1032 3416; baseline 0 0"><span class='ocrx_word' id='word_1_259' title='bbox 0 0 1032 3416; x_wconf 95' lang='lat' dir='ltr'> </span> 
     </span>
    </p>
   </div>
  </div>
 </body>
</html>
