2036 3416
91 3153 102 3196 h

300 87 503 141 cARMINUM
519 91 572 141 111.
590 92 614 142 2.
846 90 880 138 48

206 167 340 235 Gulpaute
357 183 429 221 nunc
445 169 579 223 torrentia
595 183 675 236 agros

240 243 337 298 Sidera
354 259 426 296 nunc
443 243 547 298 hiemes
563 245 678 312 iniquas.

168 319 318 380 ‚Contracta
334 319 422 386 pisces
439 335 557 387 aequora
575 320 706 373 sentiunt'

174 394 260 450 Jactis
276 394 305 448 in
322 394 408 447 altum
426 393 555 458 molibus;
572 393 626 447 huc
642 394 770 462 frequens

207 469 354 524 (laementa
370 469 493 522 demittit
509 469 668 537 redemptor
859 487 884 526 as

241 544 309 598 Cum
325 543 433 597 famulis
450 543 630 612 dominusque
647 547 739 598 terrae

174 619 350 673 Fastidiosus.
385 617 441 672 Sed
458 618 550 672 Timor
567 621 597 672 et
615 619 709 672 Minae

173 693 312 748 Scandunt
329 693 426 747 eodem
443 709 497 762 qno
515 694 647 760 dominus,
663 710 753 764 neque

207 768 324 822 Decedit
340 772 435 822 aerata
451 769 565 836 triremi,
583 773 613 823 et

241 844 307 896 Post
324 843 445 912 equitem
462 843 542 896 sedet
558 847 620 897 atra
637 844 717 898 Oura
855 857 879 900 ro

174 917 276 981 Quodsi
293 917 432 972 dolentem
449 933 499 971 nec
518 917 651 986 Phrygius
667 919 736 987 lapis

173 992 231 1046 Nec
247 1009 428 1062 purpurarum
446 993 537 1048 sidere
554 994 651 1047 clarior

206 1067 317 1121 Delenit
333 1085 398 1121 usus
415 1084 465 1122 nec
484 1068 600 1122 Falerna

241 1142 314 1196 Vitis
332 1143 600 1212 Achaemeniumque
617 1147 720 1199 costum

175 1217 230 1272 cur
246 1217 400 1272 invidendis
416 1218 540 1286 postibus
558 1222 587 1272 et
603 1235 673 1273 noro
858 1241 880 1283 a

175 1292 295 1346 Sumee
311 1292 367 1346 ritu
383 1292 479 1346 moliar
496 1293 614 1347 atrium?

207 1367 263 1422 Cur
279 1366 349 1420 valle
365 1370 520 1434 permutem
538 1367 640 1423 Sabina

177 1507 182 1514 „
239 1441 356 1496 Divitias
373 1441 560 1510 operosioresl

176 1665 329 1720 discussam
346 1665 431 1720 amice
448 1666 606 1734 pauperiem
622 1669 681 1734 pati

173 1739 311 1794 Robustus
328 1740 384 1794 acri
401 1739 498 1793 militia
514 1757 583 1808 puer

206 1815 360 1883 condiscat,
377 1819 407 1869 et
425 1815 541 1869 Parthos
557 1816 662 1870 feroces

239 1889 331 1944 Vexct
348 1906 432 1958 eques
450 1890 614 1944 metuendus
630 1891 716 1958 hasta,

172 1963 319 2033 Vitamque
336 1964 387 2018 sub
404 1965 466 2018 divo
484 1968 514 2018 et
531 1965 647 2034 trepidis
664 1969 728 2033 agat
864 1979 878 2023 t

172 2038 206 2093 In
223 2039 312 2093 rebus.
347 2039 429 2093 Illum
447 2055 481 2093 ex
497 2040 640 2094 moenibus
656 2040 768 2095 hosticis

204 2114 331 2168 Matrona
346 2114 474 2170 bellantis
490 2115 599 2184 tyranni
626 2117 627 2120 ’

239 2189 410 2258 Prospicieus
427 2194 456 2244 ot
472 2191 568 2244 adulta
584 2190 660 2258 virgo

171 2262 302 2332 Suspiret',
320 2265 398 2333 eheu,
415 2281 449 2319 ne
466 2266 544 2319 rudis
561 2265 699 2332 agminum

170 2337 289 2406 Sponnrs
306 2339 421 2394 lacessat
436 2341 529 2408 regius
545 2356 671 2408 aspemm
853 2354 877 2396 ιο

204 2413 290 2468 Tacta
306 2414 420 2481 leonem,
439 2431 520 2484 quem
538 2419 652 2469 cruenta

238 2488 292 2542 Per
310 2489 413 2542 medias
431 2490 503 2558 rapit
519 2490 561 2542 ira
578 2490 681 2551 caedes.

169 2561 256 2616 Dulce
274 2566 303 2617 et
320 2563 448 2618 decorum
467 2567 510 2618 est
527 2581 577 2632 pro
594 2565 684 2633 petria
700 2565 783 2621 mori:

169 2637 245 2691 Mors
262 2641 291 2691 et
307 2637 432 2705 fugacem
449 2639 624 2708 persequitur
640 2639 737 2705 virum,

201 2710 229 2764 N
231 2727 262 2764 cc
278 2714 366 2780 parcit
383 2712 501 2774 imbellis
514 2713 646 2778 juventae
854 2725 877 2767 ιδ

237 2785 389 2855 Poplitibus
407 2788 559 2857 timidoque
576 2793 661 2855 tergo.

169 2859 266 2914 Virtus
282 2863 407 2930 repulsae
424 2863 515 2917 nescis
532 2863 658 2916 sordidae

167 2934 342 2990 Iutaminatis
359 2937 446 3007 fulget
463 2937 617 3003 honoribus,

200 3009 228 3064 N
230 3025 261 3064 ec
278 3011 362 3064 sumit
379 3018 428 3066 aut
444 3013 646 3086 ponit-secures

233 3083 361 3139 Arbitrio
377 3086 515 3153 populeris
531 3100 621 3139 arnae.
849 3099 874 3142 ao
