2008 3416
377 90 532 140 HORATII
549 89 680 140 FLACGI

240 169 338 238 Multa,
356 187 412 240 qua
428 169 517 224 crines
534 170 651 239 religata
667 169 757 239 fulges
766 191 775 238 3
948 186 990 232 ε

241 247 328 302 Ridet
345 250 458 314 argento
476 247 592 311 domus;
609 261 658 299 ara
674 245 758 300 castis

242 322 343 376 Vincta
360 321 488 376 verbenis
506 325 569 376 avet
586 321 726 376 immolato

276 397 405 466 Spargier
421 413 508 464 agn03

242 473 347 528 (iuncta
363 473 477 527 festinat
494 487 598 538 manus,
614 471 670 526 huc
686 475 717 526 et
732 472 797 528 illue

242 549 382 602 cursitant
399 547 502 601 mixtae
518 547 611 616 pueris
627 547 752 616 puellae;
933 563 961 605 ro

242 623 389 678 Sordidum
405 622 531 677 flammae
547 621 688 692 trepidant
704 626 827 678 rotantes

276 699 388 753 Vertice
404 699 516 753 fumum.

240 775 282 829 Ut
298 778 390 829 tamen
407 773 481 827 noris
498 773 597 843 quibus
613 774 752 830 advoceris

242 850 363 918 Gaudiis,
381 849 449 904 Idus
466 848 519 903 tibi
536 852 601 903 aunt
617 849 748 918 agendae,

242 926 295 990 Qui
312 925 371 978 dies
388 941 509 978 mensem
527 923 644 980 Veneris
661 926 788 982 marinae
931 941 957 981 1⁵

275 999 371 1054 Findit
389 1000 525 1070 Aprilem3

240 1076 310 1131 Jure
328 1076 465 1130 sollemnis
482 1075 550 1128 milri
567 1075 739 1146 sanctiorque

241 1152 332 1207 Paene
350 1151 434 1205 natali
451 1151 569 1220 proprio,
588 1151 662 1219 quod
680 1168 714 1205 ex
731 1153 782 1207 hae
840 1203 844 1208 .

146 1232 154 1248 ¹
240 1228 314 1283 Luce
333 1228 477 1281 Maecenas
493 1243 570 1280 meus
586 1227 739 1282 adfluentes

274 1303 391 1357 Ordinat
407 1318 498 1356 annos.
772 1351 774 1356 ,
927 1321 953 1361 20

240 1380 397 1448 Telephum,
415 1395 496 1448 quem
514 1380 547 1432 tu
563 1378 644 1446 petis,
663 1379 803 1446 occupavit

240 1455 266 1508 N
268 1471 302 1508 on
320 1458 384 1508 tuae
402 1455 482 1508 sortis
496 1453 627 1521 juvenem
644 1453 736 1522 puella

239 1530 323 1584 Dives
341 1534 370 1584 et
386 1530 491 1597 lasciva,
509 1533 640 1598 tenetque
656 1533 736 1597 grata

273 1599 412 1667 compede
429 1599 555 1652 vinetum.

239 1674 335 1729 Terret
352 1674 492 1728 ambustus
511 1672 652 1728 Phaethon
664 1689 758 1727 avaras
924 1691 950 1733 at

238 1750 314 1818 spes,
332 1754 362 1803 et
379 1749 532 1816 exemplum
549 1765 632 1815 grave
649 1748 764 1817 praebet
780 1748 837 1804 ales

238 1823 357 1891 Pegasus
374 1828 515 1877 terrenum
533 1823 653 1890 equitem
669 1828 797 1892 gravatus

272 1899 518 1968 Bellerophontem,
766 1955 768 1958 ,

238 1974 351 2043 Semper
368 1979 399 2029 ut
416 1979 445 2029 te
463 1975 545 2043 digna
563 1991 677 2044 sequare
695 1978 724 2029 et
740 1975 814 2030 ultra

238 2051 325 2114 Quam
342 2045 406 2104 licet
423 2067 533 2119 sperare
550 2050 626 2104 nefas
642 2051 765 2119 putando
920 2068 949 2107 ao

237 2125 381 2194 Disparem
397 2126 474 2181 vites.
510 2127 571 2194 Age
584 2124 651 2193 jam,
669 2141 790 2179 meorum

271 2201 347 2254 Finis
364 2217 521 2255 amorum-

236 2275 263 2330 N
264 2293 299 2329 on
316 2276 388 2329 enim
404 2276 517 2344 posthac
535 2275 588 2329 alia
604 2275 697 2330 calebo

236 2351 507 2404 Femina-condisce
525 2351 620 2405 modos
636 2351 753 2406 amanda

236 2424 311 2478 Voce
329 2442 397 2493 quos
413 2426 532 2492 reddaa;
549 2426 706 2482 minuentur
722 2430 799 2481 atrae
918 2442 948 2485 ⁸⁵

268 2499 395 2556 Carmine
411 2518 498 2580 curae.

485 2651 553 2705 XII.

233 2733 296 2787 Jnn
312 2733 385 2787 vem's
401 2733 514 2787 comites
531 2749 601 2801 quae
618 2750 694 2788 mare
711 2738 865 2801 temperant

234 2808 384 2875 Impellunt
400 2809 505 2861 animae
522 2807 607 2862 lintea
624 2809 772 2872 Thraciae3

233 2882 253 2934 J
254 2899 298 2935 am
314 2899 365 2936 nee
381 2887 462 2952 prata
478 2883 570 2950 rigent
586 2899 636 2936 nee
653 2883 728 2937 fluvii
746 2885 872 2952 strepunt

267 2957 391 3010 Hiberna
408 2959 470 3012 nive
487 2958 598 3025 turgidi.

233 3028 336 3083 Nidum
352 3033 435 3098 ponit,
453 3033 517 3098 Ityn
535 3033 661 3085 flebiliter
677 3049 797 3102 gemens,
931 3051 949 3094 t

233 3101 335 3159 Infelix
350 3106 408 3160 avis
425 3109 456 3162 et
472 3107 619 3182 Cecropiae
636 3107 734 3162 domus
