2036 3416
276 425 315 508 Q.
354 427 604 495 nonaum
641 425 867 516 rancor,

413 573 724 674 onaarruuu

456 731 586 788 LIBER
607 729 668 787 III.

552 892 574 948 L

278 979 334 1032 Onr
352 977 494 1047 profanum
514 978 611 1045 vulgus
629 980 658 1032 et
677 991 773 1041 arce03

277 1055 380 1108 Favete
398 1053 512 1120 linguis:
531 1053 652 1110 carmina
666 1068 721 1104 non
738 1049 814 1119 prius

311 1129 417 1183 Audita
435 1129 576 1182 Musarum
594 1127 719 1182 sacerdos

345 1203 504 1272 Virginibus
522 1203 668 1272 puerisque
687 1203 773 1254 cauto

276 1278 382 1348 Regum
400 1277 584 1333 timendorum
602 1278 631 1331 in
651 1275 773 1345 proprios
790 1289 896 1343 greges,
974 1289 989 1329 s

276 1354 367 1422 Reges
386 1355 414 1408 in
434 1355 506 1422 ipsos
525 1353 669 1421 imperium
687 1353 730 1404 est
751 1349 769 1402 J
771 1349 828 1402 ovis

310 1430 383 1484 Clari
399 1430 536 1498 ‚Giganteo
554 1427 700 1497 triumpho,

344 1505 448 1559 Cuncta
465 1503 607 1572 supercilio
627 1500 766 1556 moventis.

274 1581 326 1635 uss
342 1584 375 1635 ut
392 1581 449 1634 viro
467 1580 510 1634 vir
528 1579 610 1632 latius
629 1577 738 1631 ordinet

275 1655 398 1710 Arbusta
416 1655 503 1722 sulcis,
523 1653 568 1708 hic
586 1653 742 1722 generosior

308 1731 464 1785 Descendnt
483 1731 512 1784 in
532 1730 664 1798 Campum
683 1728 792 1796 petitor,

342 1805 464 1858 Moribus
484 1805 529 1858 hic
547 1805 696 1873 meliorque
714 1803 786 1855 fama

273 1879 434 1948 contendat,
454 1879 493 1933 illi
513 1879 595 1933 turba
614 1878 753 1933 clientium

274 1954 317 2009 Sit
334 1953 435 2022 major:
455 1971 541 2023 aequa
559 1955 620 2022 lege
639 1953 796 2011 Necessitas

307 2029 426 2084 Sortitur
445 2030 564 2098 insignes
585 2033 614 2083 et
634 2029 702 2082 imos
712 2049 719 2094 ;

244 2107 246 2110 ’
283 2163 291 2176 .
341 2105 429 2158 Omne
447 2122 533 2174 capax
552 2107 643 2159 movet
662 2121 732 2157 urna
751 2121 857 2165 nomer.

271 2179 419 2234 Distriotus
438 2180 510 2233 ensis
529 2179 572 2232 oui
590 2195 671 2247 super
690 2179 773 2248 impia

272 2255 383 2310 Oeruice
401 2254 504 2322 pendet
523 2270 578 2307 non
602 2253 707 2308 Siculae
726 2255 810 2324 dapes

305 2327 420 2382 Dulcem
438 2329 617 2383 elaborabunt
635 2346 766 2398 saporem,

339 2403 402 2456 Non
422 2404 512 2458 arium
530 2404 704 2473 citharaeque
724 2409 819 2460 tantus

271 2477 400 2533 Somnum
418 2479 557 2533 reducent
594 2479 710 2533 Somnus
728 2482 878 2548 agrestium

270 2553 353 2608 Lenis
372 2555 491 2608 virorum
508 2571 563 2608 uon
581 2553 697 2608 humiles
716 2556 811 2610 domos

240 2689 242 2695 ,
304 2629 425 2683 Fastidit
443 2629 651 2704 umbrosamque
669 2631 764 2699 ripam,

338 2704 364 2756 N
365 2720 400 2757 on
418 2704 547 2773 Zephyris
565 2705 669 2773 agitata
687 2707 796 2775 Tempe.

268 2778 476 2834 Desiderantem
495 2780 569 2850 quod
589 2781 655 2834 satis
674 2785 717 2836 est
734 2797 824 2852 neque

154 2895 161 2908 .
269 2854 477 2909 Tumultuosum
498 2855 626 2909 sollicitat
646 2873 729 2926 mare,

302 2929 361 2982 Nec
380 2946 475 2983 saevus
493 2931 606 2987 Arcturi
625 2931 749 2986 cadentis

337 3003 461 3071 Impetus
481 3008 530 3058 aut
549 3005 660 3059 orientis
680 3006 780 3076 Haedi,

267 3075 328 3127 Non
346 3076 504 3130 verberatae
524 3079 657 3144 grandine
676 3081 771 3134 vineae

269 3148 435 3214 Fundusque
453 3151 578 3215 mendax,
598 3150 696 3206 arbore
716 3171 789 3208 nunc
809 3173 895 3225 aquas
956 3173 993 3259 rt¹
