<?xml version="1.0" encoding="UTF-8"?>
<!DOCTYPE html PUBLIC "-//W3C//DTD XHTML 1.0 Transitional//EN"
    "http://www.w3.org/TR/xhtml1/DTD/xhtml1-transitional.dtd">
<html xmlns="http://www.w3.org/1999/xhtml" xml:lang="en" lang="en">
 <head>
  <title>
</title>
<meta http-equiv="Content-Type" content="text/html;charset=utf-8" />
  <meta name='ocr-system' content='tesseract 3.04.00' />
  <meta name='ocr-capabilities' content='ocr_page ocr_carea ocr_par ocr_line ocrx_word'/>
</head>
<body>
  <div class='ocr_page' id='page_1' title='image "./quintihoratiifl01maclgoog_0199.png"; bbox 0 0 2044 3416; ppageno 0'>
   <div class='ocr_carea' id='block_1_1' title="bbox 341 403 671 484">
    <p class='ocr_par' dir='ltr' id='par_1_1' title="bbox 341 403 671 484">
     <span class='ocr_line' id='line_1_1' title="bbox 341 403 671 484; baseline 0.006 -14"><span class='ocrx_word' id='word_1_1' title='bbox 341 403 671 484; x_wconf 76' lang='lat' dir='ltr'>EPISTOLARUM</span> 
     </span>
    </p>
   </div>
   <div class='ocr_carea' id='block_1_2' title="bbox 267 619 750 698">
    <p class='ocr_par' dir='ltr' id='par_1_2' title="bbox 267 619 750 698">
     <span class='ocr_line' id='line_1_2' title="bbox 267 619 750 698; baseline 0.004 -2"><span class='ocrx_word' id='word_1_2' title='bbox 267 619 426 696; x_wconf 73' lang='lat' dir='ltr'>arens</span> <span class='ocrx_word' id='word_1_3' title='bbox 459 638 750 698; x_wconf 80' lang='lat' dir='ltr'>ssounnns</span> 
     </span>
    </p>
   </div>
   <div class='ocr_carea' id='block_1_3' title="bbox 494 877 510 931">
    <p class='ocr_par' dir='ltr' id='par_1_3' title="bbox 494 877 510 931">
     <span class='ocr_line' id='line_1_3' title="bbox 494 877 510 931; baseline 0 0"><span class='ocrx_word' id='word_1_4' title='bbox 494 877 510 931; x_wconf 95' lang='lat' dir='ltr'>I</span> 
     </span>
    </p>
   </div>
   <div class='ocr_carea' id='block_1_4' title="bbox 80 955 955 3199">
    <p class='ocr_par' dir='ltr' id='par_1_4' title="bbox 86 955 725 1029">
     <span class='ocr_line' id='line_1_4' title="bbox 86 955 725 1029; baseline 0.009 -21"><span class='ocrx_word' id='word_1_5' title='bbox 86 955 152 1010; x_wconf 78' lang='lat' dir='ltr'>Gon</span> <span class='ocrx_word' id='word_1_6' title='bbox 169 959 212 1012; x_wconf 86' lang='lat' dir='ltr'>tot</span> <span class='ocrx_word' id='word_1_7' title='bbox 229 958 362 1013; x_wconf 77' lang='lat' dir='ltr'>sustineas</span> <span class='ocrx_word' id='word_1_8' title='bbox 378 964 408 1014; x_wconf 88' lang='lat' dir='ltr'>et</span> <span class='ocrx_word' id='word_1_9' title='bbox 424 963 502 1014; x_wconf 82' lang='lat' dir='ltr'>tanta</span> <span class='ocrx_word' id='word_1_10' title='bbox 518 961 628 1028; x_wconf 85' lang='lat' dir='ltr'>negotia</span> <span class='ocrx_word' id='word_1_11' title='bbox 644 960 725 1029; x_wconf 91' lang='lat' dir='ltr'>solus,</span> 
     </span>
    </p>

    <p class='ocr_par' dir='ltr' id='par_1_5' title="bbox 86 1029 712 1103">
     <span class='ocr_line' id='line_1_5' title="bbox 86 1029 712 1103; baseline 0.01 -20"><span class='ocrx_word' id='word_1_12' title='bbox 86 1029 142 1084; x_wconf 89' lang='lat' dir='ltr'>Res</span> <span class='ocrx_word' id='word_1_13' title='bbox 161 1032 245 1087; x_wconf 88' lang='lat' dir='ltr'>Italas</span> <span class='ocrx_word' id='word_1_14' title='bbox 262 1035 344 1088; x_wconf 81' lang='lat' dir='ltr'>aruris</span> <span class='ocrx_word' id='word_1_15' title='bbox 361 1036 467 1101; x_wconf 87' lang='lat' dir='ltr'>tuteris,</span> <span class='ocrx_word' id='word_1_16' title='bbox 485 1036 606 1088; x_wconf 89' lang='lat' dir='ltr'>moribus</span> <span class='ocrx_word' id='word_1_17' title='bbox 623 1052 712 1103; x_wconf 92' lang='lat' dir='ltr'>ornes,</span> 
     </span>
    </p>

    <p class='ocr_par' dir='ltr' id='par_1_6' title="bbox 86 1105 811 1179">
     <span class='ocr_line' id='line_1_6' title="bbox 86 1105 811 1179; baseline 0.011 -21"><span class='ocrx_word' id='word_1_18' title='bbox 86 1105 205 1174; x_wconf 82' lang='lat' dir='ltr'>Legibus</span> <span class='ocrx_word' id='word_1_19' title='bbox 222 1109 357 1178; x_wconf 81' lang='lat' dir='ltr'>emendes,</span> <span class='ocrx_word' id='word_1_20' title='bbox 374 1111 402 1163; x_wconf 92' lang='lat' dir='ltr'>in</span> <span class='ocrx_word' id='word_1_21' title='bbox 419 1110 527 1178; x_wconf 90' lang='lat' dir='ltr'>publica</span> <span class='ocrx_word' id='word_1_22' title='bbox 543 1110 684 1164; x_wconf 78' lang='lat' dir='ltr'>commode</span> <span class='ocrx_word' id='word_1_23' title='bbox 700 1128 811 1179; x_wconf 82' lang='lat' dir='ltr'>peccem</span> 
     </span>
    </p>

    <p class='ocr_par' dir='ltr' id='par_1_7' title="bbox 86 1181 955 1406">
     <span class='ocr_line' id='line_1_7' title="bbox 86 1181 797 1254; baseline 0.011 -21"><span class='ocrx_word' id='word_1_24' title='bbox 86 1181 115 1234; x_wconf 86' lang='lat' dir='ltr'>Si</span> <span class='ocrx_word' id='word_1_25' title='bbox 132 1181 212 1250; x_wconf 91' lang='lat' dir='ltr'>longo</span> <span class='ocrx_word' id='word_1_26' title='bbox 229 1200 353 1238; x_wconf 91' lang='lat' dir='ltr'>sermone</span> <span class='ocrx_word' id='word_1_27' title='bbox 370 1200 460 1238; x_wconf 90' lang='lat' dir='ltr'>morer</span> <span class='ocrx_word' id='word_1_28' title='bbox 476 1188 526 1238; x_wconf 85' lang='lat' dir='ltr'>tua</span> <span class='ocrx_word' id='word_1_29' title='bbox 542 1189 673 1254; x_wconf 83' lang='lat' dir='ltr'>tempora,</span> <span class='ocrx_word' id='word_1_30' title='bbox 692 1186 797 1241; x_wconf 82' lang='lat' dir='ltr'>Caesar.</span> 
     </span>
     <span class='ocr_line' id='line_1_8' title="bbox 86 1255 955 1330; baseline 0.01 -23"><span class='ocrx_word' id='word_1_31' title='bbox 86 1255 217 1312; x_wconf 86' lang='lat' dir='ltr'>Romulus</span> <span class='ocrx_word' id='word_1_32' title='bbox 235 1262 264 1312; x_wconf 90' lang='lat' dir='ltr'>et</span> <span class='ocrx_word' id='word_1_33' title='bbox 280 1259 364 1312; x_wconf 85' lang='lat' dir='ltr'>Liber</span> <span class='ocrx_word' id='word_1_34' title='bbox 380 1264 459 1327; x_wconf 88' lang='lat' dir='ltr'>pater</span> <span class='ocrx_word' id='word_1_35' title='bbox 476 1263 505 1313; x_wconf 92' lang='lat' dir='ltr'>et</span> <span class='ocrx_word' id='word_1_36' title='bbox 523 1276 584 1313; x_wconf 89' lang='lat' dir='ltr'>cum</span> <span class='ocrx_word' id='word_1_37' title='bbox 603 1261 715 1314; x_wconf 79' lang='lat' dir='ltr'>Castore</span> <span class='ocrx_word' id='word_1_38' title='bbox 734 1262 839 1330; x_wconf 83' lang='lat' dir='ltr'>Pollux,</span> <span class='ocrx_word' id='word_1_39' title='bbox 935 1283 955 1324; x_wconf 69' lang='grc' dir='ltr'><strong><em>ε</em></strong></span> 
     </span>
     <span class='ocr_line' id='line_1_9' title="bbox 86 1330 799 1406; baseline 0.008 -22"><span class='ocrx_word' id='word_1_40' title='bbox 86 1330 153 1385; x_wconf 91' lang='lat' dir='ltr'>Post</span> <span class='ocrx_word' id='word_1_41' title='bbox 169 1332 290 1400; x_wconf 85' lang='lat' dir='ltr'>ingentia</span> <span class='ocrx_word' id='word_1_42' title='bbox 306 1335 379 1388; x_wconf 87' lang='lat' dir='ltr'>facta</span> <span class='ocrx_word' id='word_1_43' title='bbox 394 1334 507 1388; x_wconf 90' lang='lat' dir='ltr'>deorum</span> <span class='ocrx_word' id='word_1_44' title='bbox 524 1335 553 1388; x_wconf 92' lang='lat' dir='ltr'>in</span> <span class='ocrx_word' id='word_1_45' title='bbox 569 1335 672 1404; x_wconf 83' lang='lat' dir='ltr'>templa</span> <span class='ocrx_word' id='word_1_46' title='bbox 688 1338 799 1406; x_wconf 76' lang='lat' dir='ltr'>recepti,</span> 
     </span>
    </p>

    <p class='ocr_par' dir='ltr' id='par_1_8' title="bbox 85 1405 895 1627">
     <span class='ocr_line' id='line_1_10' title="bbox 85 1405 895 1480; baseline 0.011 -21"><span class='ocrx_word' id='word_1_47' title='bbox 85 1405 158 1460; x_wconf 92' lang='lat' dir='ltr'>Dum</span> <span class='ocrx_word' id='word_1_48' title='bbox 176 1412 263 1462; x_wconf 89' lang='lat' dir='ltr'>terras</span> <span class='ocrx_word' id='word_1_49' title='bbox 280 1409 471 1477; x_wconf 90' lang='lat' dir='ltr'>hominumque</span> <span class='ocrx_word' id='word_1_50' title='bbox 488 1411 579 1464; x_wconf 90' lang='lat' dir='ltr'>colunt</span> <span class='ocrx_word' id='word_1_51' title='bbox 595 1426 687 1478; x_wconf 89' lang='lat' dir='ltr'>genus,</span> <span class='ocrx_word' id='word_1_52' title='bbox 704 1428 801 1480; x_wconf 85' lang='lat' dir='ltr'>aspera</span> <span class='ocrx_word' id='word_1_53' title='bbox 817 1412 895 1469; x_wconf 77' lang='lat' dir='ltr'>bella</span> 
     </span>
     <span class='ocr_line' id='line_1_11' title="bbox 85 1480 782 1554; baseline 0.007 -20"><span class='ocrx_word' id='word_1_54' title='bbox 85 1480 264 1552; x_wconf 72' lang='lat' dir='ltr'>componunt,</span> <span class='ocrx_word' id='word_1_55' title='bbox 282 1501 362 1553; x_wconf 81' lang='lat' dir='ltr'>agros</span> <span class='ocrx_word' id='word_1_56' title='bbox 377 1485 522 1552; x_wconf 86' lang='lat' dir='ltr'>assignant,</span> <span class='ocrx_word' id='word_1_57' title='bbox 539 1485 639 1554; x_wconf 83' lang='lat' dir='ltr'>oppida</span> <span class='ocrx_word' id='word_1_58' title='bbox 655 1485 782 1554; x_wconf 91' lang='lat' dir='ltr'>condunt,</span> 
     </span>
     <span class='ocr_line' id='line_1_12' title="bbox 85 1555 689 1627; baseline 0.005 -18"><span class='ocrx_word' id='word_1_59' title='bbox 85 1555 229 1612; x_wconf 84' lang='lat' dir='ltr'>Plorarere</span> <span class='ocrx_word' id='word_1_60' title='bbox 246 1559 303 1612; x_wconf 88' lang='lat' dir='ltr'>suis</span> <span class='ocrx_word' id='word_1_61' title='bbox 319 1576 373 1612; x_wconf 91' lang='lat' dir='ltr'>non</span> <span class='ocrx_word' id='word_1_62' title='bbox 390 1560 553 1627; x_wconf 88' lang='lat' dir='ltr'>respondere</span> <span class='ocrx_word' id='word_1_63' title='bbox 570 1561 689 1613; x_wconf 80' lang='lat' dir='ltr'>favorem</span> 
     </span>
    </p>

    <p class='ocr_par' dir='ltr' id='par_1_9' title="bbox 84 1631 945 1777">
     <span class='ocr_line' id='line_1_13' title="bbox 84 1631 945 1702; baseline 0.006 -17"><span class='ocrx_word' id='word_1_64' title='bbox 84 1631 229 1701; x_wconf 80' lang='lat' dir='ltr'>Speratum</span> <span class='ocrx_word' id='word_1_65' title='bbox 246 1635 359 1690; x_wconf 90' lang='lat' dir='ltr'>meritis.</span> <span class='ocrx_word' id='word_1_66' title='bbox 394 1634 488 1688; x_wconf 84' lang='lat' dir='ltr'>Diram</span> <span class='ocrx_word' id='word_1_67' title='bbox 506 1635 553 1702; x_wconf 88' lang='lat' dir='ltr'>qui</span> <span class='ocrx_word' id='word_1_68' title='bbox 570 1634 694 1688; x_wconf 88' lang='lat' dir='ltr'>contudit</span> <span class='ocrx_word' id='word_1_69' title='bbox 710 1633 825 1702; x_wconf 82' lang='lat' dir='ltr'>hydram</span> <span class='ocrx_word' id='word_1_70' title='bbox 913 1661 945 1700; x_wconf 92' lang='lat' dir='ltr'>1o</span> 
     </span>
     <span class='ocr_line' id='line_1_14' title="bbox 84 1706 693 1777; baseline 0.007 -17"><span class='ocrx_word' id='word_1_71' title='bbox 84 1706 212 1777; x_wconf 82' lang='lat' dir='ltr'>Notaque</span> <span class='ocrx_word' id='word_1_72' title='bbox 229 1709 305 1762; x_wconf 87' lang='lat' dir='ltr'>fatali</span> <span class='ocrx_word' id='word_1_73' title='bbox 321 1713 449 1777; x_wconf 86' lang='lat' dir='ltr'>portenta</span> <span class='ocrx_word' id='word_1_74' title='bbox 465 1709 558 1762; x_wconf 89' lang='lat' dir='ltr'>labore</span> <span class='ocrx_word' id='word_1_75' title='bbox 577 1709 693 1777; x_wconf 87' lang='lat' dir='ltr'>subegit,</span> 
     </span>
    </p>

    <p class='ocr_par' dir='ltr' id='par_1_10' title="bbox 84 1781 711 1853">
     <span class='ocr_line' id='line_1_15' title="bbox 84 1781 711 1853; baseline 0.006 -17"><span class='ocrx_word' id='word_1_76' title='bbox 84 1781 223 1853; x_wconf 88' lang='lat' dir='ltr'>Comperit</span> <span class='ocrx_word' id='word_1_77' title='bbox 239 1784 369 1837; x_wconf 84' lang='lat' dir='ltr'>invidiam</span> <span class='ocrx_word' id='word_1_78' title='bbox 387 1800 512 1852; x_wconf 88' lang='lat' dir='ltr'>supremo</span> <span class='ocrx_word' id='word_1_79' title='bbox 529 1785 583 1838; x_wconf 86' lang='lat' dir='ltr'>fine</span> <span class='ocrx_word' id='word_1_80' title='bbox 601 1783 711 1839; x_wconf 89' lang='lat' dir='ltr'>domari.</span> 
     </span>
    </p>

    <p class='ocr_par' dir='ltr' id='par_1_11' title="bbox 83 1857 756 1932">
     <span class='ocr_line' id='line_1_16' title="bbox 83 1857 756 1932; baseline 0.003 -21"><span class='ocrx_word' id='word_1_81' title='bbox 83 1857 148 1911; x_wconf 84' lang='lat' dir='ltr'>Urit</span> <span class='ocrx_word' id='word_1_82' title='bbox 166 1859 236 1912; x_wconf 92' lang='lat' dir='ltr'>enim</span> <span class='ocrx_word' id='word_1_83' title='bbox 254 1859 358 1926; x_wconf 83' lang='lat' dir='ltr'>fulgore</span> <span class='ocrx_word' id='word_1_84' title='bbox 376 1875 424 1911; x_wconf 92' lang='lat' dir='ltr'>suo</span> <span class='ocrx_word' id='word_1_85' title='bbox 442 1859 666 1932; x_wconf 21' lang='lat' dir='ltr'>qui-praegravat</span> <span class='ocrx_word' id='word_1_86' title='bbox 682 1862 756 1914; x_wconf 89' lang='lat' dir='ltr'>artos</span> 
     </span>
    </p>

    <p class='ocr_par' dir='ltr' id='par_1_12' title="bbox 84 1932 756 2004">
     <span class='ocr_line' id='line_1_17' title="bbox 84 1932 756 2004; baseline 0 -18"><span class='ocrx_word' id='word_1_87' title='bbox 84 1932 161 1986; x_wconf 83' lang='lat' dir='ltr'>Infra</span> <span class='ocrx_word' id='word_1_88' title='bbox 178 1951 208 1988; x_wconf 91' lang='lat' dir='ltr'>se</span> <span class='ocrx_word' id='word_1_89' title='bbox 223 1934 341 2004; x_wconf 80' lang='lat' dir='ltr'>positas3</span> <span class='ocrx_word' id='word_1_90' title='bbox 358 1934 508 1988; x_wconf 87' lang='lat' dir='ltr'>exstinctus</span> <span class='ocrx_word' id='word_1_91' title='bbox 525 1934 660 1988; x_wconf 88' lang='lat' dir='ltr'>amabitur</span> <span class='ocrx_word' id='word_1_92' title='bbox 676 1933 756 1987; x_wconf 88' lang='lat' dir='ltr'>idem.</span> 
     </span>
    </p>

    <p class='ocr_par' dir='ltr' id='par_1_13' title="bbox 83 2007 939 2155">
     <span class='ocr_line' id='line_1_18' title="bbox 84 2007 939 2077; baseline -0.001 -16"><span class='ocrx_word' id='word_1_93' title='bbox 84 2007 226 2065; x_wconf 82' lang='lat' dir='ltr'>Praesenti</span> <span class='ocrx_word' id='word_1_94' title='bbox 243 2010 295 2064; x_wconf 92' lang='lat' dir='ltr'>tibi</span> <span class='ocrx_word' id='word_1_95' title='bbox 312 2013 433 2063; x_wconf 88' lang='lat' dir='ltr'>maturos</span> <span class='ocrx_word' id='word_1_96' title='bbox 451 2009 582 2077; x_wconf 79' lang='lat' dir='ltr'>largimur</span> <span class='ocrx_word' id='word_1_97' title='bbox 598 2009 720 2075; x_wconf 87' lang='lat' dir='ltr'>honores,</span> <span class='ocrx_word' id='word_1_98' title='bbox 908 2027 939 2068; x_wconf 80' lang='lat'>1⁵</span> 
     </span>
     <span class='ocr_line' id='line_1_19' title="bbox 83 2083 780 2155; baseline 0.001 -19"><span class='ocrx_word' id='word_1_99' title='bbox 83 2083 102 2136; x_wconf 83' lang='lat' dir='ltr'>J</span> <span class='ocrx_word' id='word_1_100' title='bbox 104 2087 276 2155; x_wconf 83' lang='lat' dir='ltr'>urendasque</span> <span class='ocrx_word' id='word_1_101' title='bbox 294 2089 372 2140; x_wconf 89' lang='lat' dir='ltr'>tuum</span> <span class='ocrx_word' id='word_1_102' title='bbox 389 2102 438 2154; x_wconf 90' lang='lat' dir='ltr'>per</span> <span class='ocrx_word' id='word_1_103' title='bbox 455 2102 553 2138; x_wconf 90' lang='lat' dir='ltr'>nomen</span> <span class='ocrx_word' id='word_1_104' title='bbox 570 2085 694 2154; x_wconf 89' lang='lat' dir='ltr'>ponimus</span> <span class='ocrx_word' id='word_1_105' title='bbox 711 2100 780 2154; x_wconf 85' lang='lat' dir='ltr'>aras,</span> 
     </span>
    </p>

    <p class='ocr_par' dir='ltr' id='par_1_14' title="bbox 83 2159 749 2227">
     <span class='ocr_line' id='line_1_20' title="bbox 83 2159 749 2227; baseline 0 -15"><span class='ocrx_word' id='word_1_106' title='bbox 83 2159 131 2212; x_wconf 90' lang='lat' dir='ltr'>Nil</span> <span class='ocrx_word' id='word_1_107' title='bbox 148 2161 281 2215; x_wconf 90' lang='lat' dir='ltr'>oriturum</span> <span class='ocrx_word' id='word_1_108' title='bbox 297 2161 371 2227; x_wconf 87' lang='lat' dir='ltr'>alias,</span> <span class='ocrx_word' id='word_1_109' title='bbox 388 2161 426 2213; x_wconf 93' lang='lat' dir='ltr'>nil</span> <span class='ocrx_word' id='word_1_110' title='bbox 444 2165 534 2214; x_wconf 90' lang='lat' dir='ltr'>ortum</span> <span class='ocrx_word' id='word_1_111' title='bbox 552 2161 606 2214; x_wconf 86' lang='lat' dir='ltr'>tale</span> <span class='ocrx_word' id='word_1_112' title='bbox 624 2160 749 2213; x_wconf 86' lang='lat' dir='ltr'>fatentes.</span> 
     </span>
    </p>

    <p class='ocr_par' dir='ltr' id='par_1_15' title="bbox 83 2233 824 2304">
     <span class='ocr_line' id='line_1_21' title="bbox 83 2233 824 2304; baseline -0.003 -16"><span class='ocrx_word' id='word_1_113' title='bbox 83 2235 139 2288; x_wconf 87' lang='lat' dir='ltr'>Sed</span> <span class='ocrx_word' id='word_1_114' title='bbox 155 2239 220 2288; x_wconf 88' lang='lat' dir='ltr'>tuus</span> <span class='ocrx_word' id='word_1_115' title='bbox 237 2235 282 2288; x_wconf 93' lang='lat' dir='ltr'>hic</span> <span class='ocrx_word' id='word_1_116' title='bbox 298 2235 547 2304; x_wconf 66' lang='lat' dir='ltr'>populusssapiens</span> <span class='ocrx_word' id='word_1_117' title='bbox 564 2239 593 2289; x_wconf 92' lang='lat' dir='ltr'>et</span> <span class='ocrx_word' id='word_1_118' title='bbox 607 2235 699 2303; x_wconf 91' lang='lat' dir='ltr'>justus</span> <span class='ocrx_word' id='word_1_119' title='bbox 716 2233 745 2287; x_wconf 84' lang='lat' dir='ltr'>in</span> <span class='ocrx_word' id='word_1_120' title='bbox 762 2249 824 2303; x_wconf 90' lang='lat' dir='ltr'>uno,</span> 
     </span>
    </p>

    <p class='ocr_par' dir='ltr' id='par_1_16' title="bbox 83 2309 732 2376">
     <span class='ocr_line' id='line_1_22' title="bbox 83 2309 732 2376; baseline 0 -14"><span class='ocrx_word' id='word_1_121' title='bbox 83 2309 121 2362; x_wconf 82' lang='lat' dir='ltr'>&#39;Pe</span> <span class='ocrx_word' id='word_1_122' title='bbox 138 2310 240 2364; x_wconf 87' lang='lat' dir='ltr'>nostris</span> <span class='ocrx_word' id='word_1_123' title='bbox 257 2309 378 2376; x_wconf 89' lang='lat' dir='ltr'>ducibus,</span> <span class='ocrx_word' id='word_1_124' title='bbox 396 2313 426 2362; x_wconf 92' lang='lat' dir='ltr'>te</span> <span class='ocrx_word' id='word_1_125' title='bbox 444 2310 532 2363; x_wconf 80' lang='lat' dir='ltr'>Graiis</span> <span class='ocrx_word' id='word_1_126' title='bbox 549 2309 732 2374; x_wconf 87' lang='lat' dir='ltr'>anteferendo,</span> 
     </span>
    </p>

    <p class='ocr_par' dir='ltr' id='par_1_17' title="bbox 82 2384 932 2606">
     <span class='ocr_line' id='line_1_23' title="bbox 84 2384 932 2454; baseline -0.004 -14"><span class='ocrx_word' id='word_1_127' title='bbox 84 2386 182 2440; x_wconf 82' lang='lat' dir='ltr'>Cetera</span> <span class='ocrx_word' id='word_1_128' title='bbox 198 2401 369 2454; x_wconf 85' lang='lat' dir='ltr'>nequaquam</span> <span class='ocrx_word' id='word_1_129' title='bbox 387 2384 468 2438; x_wconf 86' lang='lat' dir='ltr'>simili</span> <span class='ocrx_word' id='word_1_130' title='bbox 484 2385 591 2438; x_wconf 81' lang='lat' dir='ltr'>ratione</span> <span class='ocrx_word' id='word_1_131' title='bbox 607 2384 742 2453; x_wconf 90' lang='lat' dir='ltr'>modoque</span> <span class='ocrx_word' id='word_1_132' title='bbox 903 2407 932 2446; x_wconf 76' lang='lat'>20</span> 
     </span>
     <span class='ocr_line' id='line_1_24' title="bbox 83 2459 777 2528; baseline -0.003 -13"><span class='ocrx_word' id='word_1_133' title='bbox 83 2461 227 2528; x_wconf 83' lang='lat' dir='ltr'>Aestimat,</span> <span class='ocrx_word' id='word_1_134' title='bbox 246 2464 275 2514; x_wconf 90' lang='lat' dir='ltr'>et</span> <span class='ocrx_word' id='word_1_135' title='bbox 292 2459 343 2512; x_wconf 89' lang='lat' dir='ltr'>nisi</span> <span class='ocrx_word' id='word_1_136' title='bbox 361 2475 431 2528; x_wconf 85' lang='lat' dir='ltr'>quae</span> <span class='ocrx_word' id='word_1_137' title='bbox 448 2460 529 2514; x_wconf 90' lang='lat' dir='ltr'>terris</span> <span class='ocrx_word' id='word_1_138' title='bbox 547 2463 650 2513; x_wconf 86' lang='lat' dir='ltr'>semota</span> <span class='ocrx_word' id='word_1_139' title='bbox 668 2460 777 2527; x_wconf 85' lang='lat' dir='ltr'>suisque</span> 
     </span>
     <span class='ocr_line' id='line_1_25' title="bbox 82 2534 800 2606; baseline -0.007 -16"><span class='ocrx_word' id='word_1_140' title='bbox 82 2537 258 2606; x_wconf 82' lang='lat' dir='ltr'>Temporibus</span> <span class='ocrx_word' id='word_1_141' title='bbox 277 2535 404 2588; x_wconf 86' lang='lat' dir='ltr'>defuncta</span> <span class='ocrx_word' id='word_1_142' title='bbox 421 2534 503 2604; x_wconf 87' lang='lat' dir='ltr'>videt,</span> <span class='ocrx_word' id='word_1_143' title='bbox 520 2535 628 2588; x_wconf 81' lang='lat' dir='ltr'>fastidit</span> <span class='ocrx_word' id='word_1_144' title='bbox 645 2537 675 2587; x_wconf 90' lang='lat' dir='ltr'>et</span> <span class='ocrx_word' id='word_1_145' title='bbox 691 2535 766 2598; x_wconf 90' lang='lat' dir='ltr'>odit;</span> <span class='ocrx_word' id='word_1_146' title='bbox 797 2551 800 2557; x_wconf 93' lang='grc'><strong><em>·</em></strong></span> 
     </span>
    </p>

    <p class='ocr_par' dir='ltr' id='par_1_18' title="bbox 82 2609 819 2678">
     <span class='ocr_line' id='line_1_26' title="bbox 82 2609 819 2678; baseline -0.007 -12"><span class='ocrx_word' id='word_1_147' title='bbox 82 2611 126 2666; x_wconf 90' lang='lat' dir='ltr'>Sic</span> <span class='ocrx_word' id='word_1_148' title='bbox 143 2614 233 2666; x_wconf 84' lang='lat' dir='ltr'>fautor</span> <span class='ocrx_word' id='word_1_149' title='bbox 249 2615 372 2666; x_wconf 89' lang='lat' dir='ltr'>veterum</span> <span class='ocrx_word' id='word_1_150' title='bbox 389 2613 421 2663; x_wconf 92' lang='lat' dir='ltr'>ut</span> <span class='ocrx_word' id='word_1_151' title='bbox 438 2609 545 2664; x_wconf 88' lang='lat' dir='ltr'>tabulas</span> <span class='ocrx_word' id='word_1_152' title='bbox 563 2625 675 2678; x_wconf 89' lang='lat' dir='ltr'>peccare</span> <span class='ocrx_word' id='word_1_153' title='bbox 692 2612 819 2662; x_wconf 85' lang='lat' dir='ltr'>vetantes</span> 
     </span>
    </p>

    <p class='ocr_par' dir='ltr' id='par_1_19' title="bbox 82 2683 835 2754">
     <span class='ocr_line' id='line_1_27' title="bbox 82 2683 835 2754; baseline -0.004 -13"><span class='ocrx_word' id='word_1_154' title='bbox 82 2687 154 2751; x_wconf 83' lang='lat' dir='ltr'>Quas</span> <span class='ocrx_word' id='word_1_155' title='bbox 171 2687 214 2740; x_wconf 92' lang='lat' dir='ltr'>bis</span> <span class='ocrx_word' id='word_1_156' title='bbox 231 2685 419 2754; x_wconf 80' lang='lat' dir='ltr'>quinqueviri</span> <span class='ocrx_word' id='word_1_157' title='bbox 436 2689 591 2752; x_wconf 81' lang='lat' dir='ltr'>sanxerrmt,</span> <span class='ocrx_word' id='word_1_158' title='bbox 608 2683 720 2737; x_wconf 84' lang='lat' dir='ltr'>foedera</span> <span class='ocrx_word' id='word_1_159' title='bbox 737 2698 835 2750; x_wconf 84' lang='lat' dir='ltr'>regum</span> 
     </span>
    </p>

    <p class='ocr_par' dir='ltr' id='par_1_20' title="bbox 80 2758 934 2904">
     <span class='ocr_line' id='line_1_28' title="bbox 80 2758 934 2828; baseline -0.009 -11"><span class='ocrx_word' id='word_1_160' title='bbox 80 2760 134 2817; x_wconf 86' lang='lat' dir='ltr'>Vel</span> <span class='ocrx_word' id='word_1_161' title='bbox 151 2761 246 2821; x_wconf 85' lang='lat' dir='ltr'>Gabiis</span> <span class='ocrx_word' id='word_1_162' title='bbox 263 2763 306 2816; x_wconf 86' lang='lat' dir='ltr'>vel</span> <span class='ocrx_word' id='word_1_163' title='bbox 324 2778 385 2815; x_wconf 92' lang='lat' dir='ltr'>cum</span> <span class='ocrx_word' id='word_1_164' title='bbox 401 2760 497 2828; x_wconf 84' lang='lat' dir='ltr'>rigidis</span> <span class='ocrx_word' id='word_1_165' title='bbox 514 2763 631 2828; x_wconf 83' lang='lat' dir='ltr'>aequata</span> <span class='ocrx_word' id='word_1_166' title='bbox 648 2758 765 2826; x_wconf 83' lang='lat' dir='ltr'>Sabinis,</span> <span class='ocrx_word' id='word_1_167' title='bbox 908 2780 934 2822; x_wconf 77' lang='lat' dir='ltr'>at</span> 
     </span>
     <span class='ocr_line' id='line_1_29' title="bbox 81 2835 738 2904; baseline -0.009 -12"><span class='ocrx_word' id='word_1_168' title='bbox 81 2836 242 2892; x_wconf 88' lang='lat' dir='ltr'>Pontificum</span> <span class='ocrx_word' id='word_1_169' title='bbox 259 2836 350 2904; x_wconf 88' lang='lat' dir='ltr'>libros,</span> <span class='ocrx_word' id='word_1_170' title='bbox 368 2852 468 2888; x_wconf 88' lang='lat' dir='ltr'>annosa</span> <span class='ocrx_word' id='word_1_171' title='bbox 485 2835 619 2888; x_wconf 86' lang='lat' dir='ltr'>volumina</span> <span class='ocrx_word' id='word_1_172' title='bbox 637 2837 738 2900; x_wconf 88' lang='lat' dir='ltr'>vatum,</span> 
     </span>
    </p>

    <p class='ocr_par' dir='ltr' id='par_1_21' title="bbox 80 2903 716 2963">
     <span class='ocr_line' id='line_1_30' title="bbox 80 2903 716 2963; baseline 0 -2"><span class='ocrx_word' id='word_1_173' title='bbox 80 2909 197 2963; x_wconf 87' lang='lat' dir='ltr'>Dictitet</span> <span class='ocrx_word' id='word_1_174' title='bbox 215 2910 321 2963; x_wconf 86' lang='lat' dir='ltr'>Albano</span> <span class='ocrx_word' id='word_1_175' title='bbox 338 2910 431 2962; x_wconf 90' lang='lat' dir='ltr'>Musas</span> <span class='ocrx_word' id='word_1_176' title='bbox 448 2911 477 2963; x_wconf 92' lang='lat' dir='ltr'>in</span> <span class='ocrx_word' id='word_1_177' title='bbox 494 2913 586 2962; x_wconf 90' lang='lat' dir='ltr'>monte</span> <span class='ocrx_word' id='word_1_178' title='bbox 600 2903 716 2962; x_wconf 85' lang='lat' dir='ltr'>¹locutas.</span> 
     </span>
    </p>

    <p class='ocr_par' dir='ltr' id='par_1_22' title="bbox 80 2981 800 3051">
     <span class='ocr_line' id='line_1_31' title="bbox 80 2981 800 3051; baseline 0.007 -18"><span class='ocrx_word' id='word_1_179' title='bbox 80 2981 109 3034; x_wconf 90' lang='lat' dir='ltr'>Si</span> <span class='ocrx_word' id='word_1_180' title='bbox 127 2983 192 3049; x_wconf 83' lang='lat' dir='ltr'>quia</span> <span class='ocrx_word' id='word_1_181' title='bbox 208 2983 371 3034; x_wconf 84' lang='lat' dir='ltr'>Graecorum</span> <span class='ocrx_word' id='word_1_182' title='bbox 389 2987 453 3037; x_wconf 88' lang='lat' dir='ltr'>sunt</span> <span class='ocrx_word' id='word_1_183' title='bbox 469 2984 657 3050; x_wconf 85' lang='lat' dir='ltr'>antiquissima</span> <span class='ocrx_word' id='word_1_184' title='bbox 675 2999 800 3051; x_wconf 85' lang='lat' dir='ltr'>quaeque</span> 
     </span>
    </p>

    <p class='ocr_par' dir='ltr' id='par_1_23' title="bbox 80 3053 934 3199">
     <span class='ocr_line' id='line_1_32' title="bbox 80 3053 778 3122; baseline 0.006 -16"><span class='ocrx_word' id='word_1_185' title='bbox 80 3053 188 3120; x_wconf 81' lang='lat' dir='ltr'>Scripta</span> <span class='ocrx_word' id='word_1_186' title='bbox 205 3053 247 3104; x_wconf 86' lang='lat' dir='ltr'>vel</span> <span class='ocrx_word' id='word_1_187' title='bbox 265 3056 367 3119; x_wconf 84' lang='lat' dir='ltr'>optima</span> <span class='ocrx_word' id='word_1_188' title='bbox 385 3055 499 3107; x_wconf 85' lang='lat' dir='ltr'>Romani</span> <span class='ocrx_word' id='word_1_189' title='bbox 515 3061 664 3122; x_wconf 85' lang='lat' dir='ltr'>pensantur</span> <span class='ocrx_word' id='word_1_190' title='bbox 681 3059 778 3110; x_wconf 88' lang='lat' dir='ltr'>eadem</span> 
     </span>
     <span class='ocr_line' id='line_1_33' title="bbox 81 3126 934 3199; baseline 0.016 -23"><span class='ocrx_word' id='word_1_191' title='bbox 81 3126 232 3189; x_wconf 86' lang='lat' dir='ltr'>Scriptores</span> <span class='ocrx_word' id='word_1_192' title='bbox 249 3127 359 3191; x_wconf 85' lang='lat' dir='ltr'>trutina,</span> <span class='ocrx_word' id='word_1_193' title='bbox 377 3142 431 3178; x_wconf 92' lang='lat' dir='ltr'>non</span> <span class='ocrx_word' id='word_1_194' title='bbox 448 3132 491 3180; x_wconf 91' lang='lat' dir='ltr'>est</span> <span class='ocrx_word' id='word_1_195' title='bbox 507 3129 582 3195; x_wconf 89' lang='lat' dir='ltr'>quod</span> <span class='ocrx_word' id='word_1_196' title='bbox 598 3131 688 3184; x_wconf 88' lang='lat' dir='ltr'>multa</span> <span class='ocrx_word' id='word_1_197' title='bbox 705 3130 862 3199; x_wconf 80' lang='lat' dir='ltr'>loquamur:</span> <span class='ocrx_word' id='word_1_198' title='bbox 907 3152 934 3190; x_wconf 87' lang='lat' dir='ltr'>so</span> 
     </span>
    </p>
   </div>
   <div class='ocr_carea' id='block_1_5' title="bbox 0 0 1026 3416">
    <p class='ocr_par' dir='ltr' id='par_1_24' title="bbox 0 0 1026 3416">
     <span class='ocr_line' id='line_1_34' title="bbox 0 0 1026 3416; baseline 0 1"><span class='ocrx_word' id='word_1_199' title='bbox 0 0 1026 3416; x_wconf 95' lang='lat' dir='ltr'> </span> 
     </span>
    </p>
   </div>
  </div>
 </body>
</html>
