2008 3416
97 71 131 126 72

372 70 527 120 HORATII
535 71 674 120 nuncsi

236 151 370 206 Ornaturn
387 150 459 205 foliis
477 151 583 219 ducem,

228 269 231 273 .
271 226 351 290 Quod
368 243 464 294 regum
481 227 601 280 tumidas
620 223 778 282 contuderit
794 228 891 296 minas,
988 226 989 294 l

239 302 376 356 Ostendet
391 302 539 369 Capitolio:

270 378 327 432 Sed
338 394 408 446 quae
421 377 504 430 'l'ibur
515 394 603 446 aquae
614 377 706 432 fertile
718 377 875 447 praefluunt
933 393 960 432 ro

238 453 277 509 Et
295 453 396 520 spissae
414 468 556 506 nemorum
572 469 666 506 comae
719 505 722 510 .

273 530 391 597 Fiugeut
410 528 507 582 Aeolio
524 528 643 582 carmine
660 527 786 583 nobilem.

237 604 342 659 Romae
360 603 490 673 principis
508 602 617 656 urbium
729 647 731 653 ,

272 679 408 747 Dignatur
425 678 533 732 suboles
550 678 625 732 inter
641 677 772 732 amabiles

237 755 341 810 Vatum
358 769 459 822 ponere
476 769 521 807 me
538 753 642 821 choros,
933 770 958 807 rs

273 830 310 882 Et
322 829 382 897 jam
400 829 484 882 dente
502 828 591 883 miuus
608 828 736 883 mordeor
753 828 853 884 invido.

239 905 271 972 O,
289 903 436 958 testudinis
453 921 551 958 aureae
790 909 792 912 ’

272 980 386 1034 Dulcem
404 996 475 1048 quae
492 980 646 1048 strepitum,
665 979 747 1047 Pieri,
765 981 910 1048 temperas,

238 1055 263 1109 Ο
281 1054 365 1110 mutis
382 1071 490 1124 quoque
507 1055 626 1123 piscibus

274 1130 414 1186 Donatum
430 1131 513 1198 cycni,
530 1131 555 1184 si
571 1130 663 1198 libeat,
680 1146 783 1199 sonum,
929 1148 956 1187 so

238 1205 337 1260 'lotum
354 1206 473 1260 muneris
490 1206 542 1260 hoe
559 1205 601 1259 tui
617 1211 675 1260 est:

275 1281 355 1346 Quod
372 1281 613 1348 monstrordigito
630 1281 865 1350 praetereuntium

238 1355 377 1412 Romanae
395 1355 494 1410 fidicen
510 1355 593 1424 lyrae,

274 1430 354 1495 Quod
371 1431 444 1500 spiro
462 1434 491 1486 et
508 1431 609 1501 placeo,
627 1430 650 1486 si
667 1431 769 1500 placeo,
786 1434 865 1486 tuum
884 1439 936 1487 est

240 1658 363 1724 Quinum
380 1657 535 1712 ministrum
552 1656 673 1712 fulminis
690 1657 791 1726 alitem,

240 1735 292 1790 Gui
309 1751 359 1787 rex
376 1734 490 1787 deorum
507 1750 622 1801 regnum
640 1734 669 1786 iu
686 1750 750 1788 ares
767 1750 851 1802 vagas

274 1809 406 1864 Permisit
423 1813 554 1878 expertus
571 1809 681 1863 fidelem

308 1883 327 1936 J
329 1883 439 1952 uppiter
456 1885 485 1936 in
503 1884 663 1952 Ganymede
680 1884 757 1953 fisso,

240 1958 313 2013 Olim
326 1958 457 2027 juventas
474 1961 505 2013 et
521 1959 629 2028 patrius
646 1959 723 2028 rigor
943 1976 955 2015 o

240 2034 315 2090 Nido
331 2034 454 2090 laborum
471 2036 593 2104 propulit
609 2028 732 2102 inscium,

274 2112 415 2181 Vernique
428 2112 489 2181 jam
506 2111 607 2166 nimbis
623 2112 734 2166 remotis

310 2188 438 2240 insolitos
455 2187 572 2241 docuere
590 2187 666 2240 uisus

241 2259 325 2315 Venti
343 2265 494 2330 parentem,
511 2279 576 2316 mox
592 2263 621 2315 in
638 2262 720 2316 ovilia

241 2336 360 2390 Demisit
376 2337 484 2391 hostem
501 2337 607 2392 vividus
624 2338 750 2407 impetus,
932 2354 953 2390 ro

274 2411 301 2466 N
303 2427 356 2465 unc
372 2412 401 2465 iu
419 2413 585 2468 reluctantes
603 2413 735 2468 dracones
774 2420 778 2428 '

308 2487 375 2556 Egit
391 2504 467 2542 amor
484 2489 563 2558 dapis
579 2493 664 2559 atque
680 2505 801 2558 pugnas:

240 2562 389 2630 Qualemre
407 2563 487 2617 laetis
504 2580 603 2632 caprea
618 2565 727 2633 pascuis

240 2639 355 2694 Intenta
370 2639 461 2692 fulvae
479 2639 576 2694 matris
593 2640 629 2694 ab
646 2640 733 2695 ubere

273 2715 293 2768 J
295 2731 338 2768 arn
356 2714 427 2768 lacte
445 2714 589 2782 depulsum
606 2715 714 2779 leonem
931 2726 953 2767 rs

308 2789 399 2844 Dente
416 2805 485 2843 noro
502 2790 626 2858 peritura
642 2791 725 2848 vidit:

241 2863 344 2920 Videre
362 2865 458 2919 Raetis
476 2865 548 2920 bella
566 2865 617 2920 sub
636 2865 755 2934 Alpibus

240 2937 361 2993 Drusum
377 2942 520 3007 gerentem
538 2939 674 2992 Vindelici
682 2937 824 3008 ;-quibus

267 3013 336 3066 ·Mos
352 3015 426 3066 unde
443 3014 578 3066 deductus
594 3029 646 3082 per
662 3030 743 3068 omne

310 3087 426 3152 Tempus
444 3088 593 3158 Amazonia
609 3089 699 3142 securi
928 3103 951 3146 ιο
