2044 3416
311 111 565 162 EPISTOLARUM
582 113 620 162 Π.
637 117 661 164 2.
870 117 916 168 193

474 257 513 311 II.

17 346 18 350 ’
61 353 172 420 Fceris,
190 351 262 406 bono
279 351 406 420 claroque
423 351 513 406 fidelis
531 353 617 406 amice
634 352 745 420 Neroni,

61 429 93 483 Si
112 427 176 498 quis
193 427 266 481 forte
283 428 350 482 uelit
368 445 482 496 puerum
500 428 552 482 tibi
569 428 689 482 vendere
706 432 801 482 uatum

61 504 168 558 Tibure
186 504 228 558 vel
248 503 349 572 Gabiis,
367 508 396 558 ct
413 509 504 558 tecum
522 504 560 558 sic
577 507 654 572 agat:
673 503 749 557 “Hie
767 509 796 558 et

63 579 208 633 Candidus
226 583 256 634 et
272 579 343 633 talos
359 580 493 634 avertice
509 579 623 650 pulcher
640 579 676 634 ad
693 580 762 634 imos

62 655 130 709 Fiet
148 655 256 724 eritque
272 659 337 710 tuus
353 672 525 709 nummorum
542 655 662 708 millibus
679 660 748 724 octo,
905 671 918 725 s

62 729 161 783 Verna
177 729 333 784 ministeriis
351 729 388 784 ad
404 734 487 785 nutus
504 734 585 801 aptus
601 731 709 799 heriles,

63 806 211 859 Litterulis
230 806 341 861 Graecis
359 807 488 875 imbutus,
506 808 620 862 idoneus
638 807 692 862 arti

64 881 202 948 Cuilibet3
219 882 315 951 argilla
333 883 441 952 quidvis
458 884 609 938 imitaberis
626 883 697 950 uda;

64 959 240 1022 Quinetiam
258 963 338 1013 canet
354 959 494 1014 indoctum
512 960 562 1014 sed
580 960 659 1014 dulce
676 958 795 1014 bibenti:

63 1034 157 1088 Multa
174 1035 257 1088 fidem
275 1036 407 1105 promissa
424 1036 524 1104 levant,
541 1035 589 1088 ubi
606 1036 711 1104 plenius
728 1051 816 1099 aequo
894 1049 915 1088 m

64 1108 176 1164 Laudat
192 1111 300 1165 venales
318 1111 365 1180 qui
382 1112 441 1166 vult
459 1111 607 1165 extrudere
624 1127 735 1165 merces.

64 1184 123 1239 Res
140 1189 223 1254 urget
239 1203 283 1240 me
300 1187 390 1252 nulla;
405 1204 466 1240 meo
484 1203 544 1240 sum
561 1200 664 1255 pauper
680 1187 709 1239 in
727 1201 797 1242 aero.
820 1251 822 1256 ,

63 1259 154 1314 Nemo
172 1261 223 1315 hoc
240 1278 403 1330 mangonum
420 1263 522 1316 faceret
539 1262 604 1328 tibi;
622 1279 675 1315 non
692 1266 797 1316 temere
814 1278 832 1316 a
848 1278 893 1318 mc

64 1336 160 1400 Quivis
178 1337 263 1390 ferret
280 1338 362 1392 idem.
397 1338 487 1392 Semel
505 1338 550 1390 hic
567 1338 682 1391 cessavit
700 1341 735 1405 et,
754 1342 786 1392 ut
803 1337 844 1407 fit,

64 1411 98 1464 In
118 1412 198 1466 scalis
215 1413 297 1466 latuit
313 1417 438 1468 metuens
455 1413 598 1482 pendentis
615 1413 761 1466 habenae?
892 1428 914 1468 15

63 1487 123 1541 Des
140 1504 272 1556 nummos,
291 1493 405 1558 excepta
422 1489 489 1541 nihil
506 1492 536 1542 te
554 1489 576 1542 si
593 1488 658 1556 fuga
675 1489 775 1557 laedat,

64 1563 117 1618 llle
134 1564 206 1618 ferat
223 1565 342 1633 pretium
359 1581 462 1632 poenae
480 1581 597 1632 securus,
615 1565 724 1634 opinor;

63 1637 192 1692 Prudens
210 1639 300 1693 emisti
318 1641 459 1706 vitiosum;
478 1641 551 1694 dicta
568 1639 620 1695 tibi
638 1645 680 1694 est
697 1641 755 1695 lex:

64 1714 224 1782 insequeris
241 1718 333 1768 tamen
350 1715 421 1769 hunc
438 1720 467 1769 et
485 1715 534 1770 lite
551 1716 666 1770 moraris
683 1715 793 1785 iniqua?

62 1788 129 1842 Dixi
146 1807 191 1844 me
208 1791 317 1858 pigrum
334 1791 515 1859 proficiscenti
532 1791 591 1858 tibi,
609 1791 667 1844 dixi
890 1805 914 1844 ao

63 1864 174 1918 Talibus
191 1865 285 1919 officiis
302 1883 387 1934 prope
405 1883 536 1934 mancum,
554 1883 589 1920 ne
606 1884 668 1920 mea
685 1882 781 1939 saevus

62 1938 198 2008 «iurgares
215 1941 251 1994 ad
268 1946 297 1995 tc
315 1942 392 2009 quod
406 1943 522 2011 epistola
538 1943 613 1996 nulla
629 1943 742 1996 rediret.

63 2015 138 2080 Quid
155 2019 216 2070 tum
232 2019 335 2088 proieci
353 2035 459 2072 mecum
476 2018 604 2072 facientia
616 2019 682 2087 jura
821 2082 831 2093 ·

62 2091 92 2144 Si
111 2094 205 2146 tamen
223 2095 363 2147 attentas?
400 2094 528 2157 Quereris
545 2111 627 2162 super
643 2094 694 2146 hoc
712 2093 802 2162 etiam,
821 2092 895 2162 quod

62 2165 231 2236 Exspectata
247 2167 300 2222 tibi
317 2185 370 2222 nou
388 2171 496 2222 mittam
514 2171 633 2222 camlina
649 2167 779 2224 mendax.
888 2183 912 2222 rs

63 2241 170 2296 Luculli
187 2244 266 2298 miles
283 2245 396 2299 collecta
412 2245 509 2298 viatica
526 2245 621 2299 multis

63 2319 221 2388 Aerumnis,
239 2320 327 2374 lassus
345 2322 411 2374 dum
427 2325 510 2374 noctu
528 2321 628 2388 stertit,
647 2319 789 2374 adessem

62 2393 244 2458 Perdiderat;
260 2399 323 2464 post
340 2396 391 2449 hoc
408 2397 553 2449 vehemens
570 2397 650 2465 lupus
668 2399 697 2450 et
714 2395 766 2449 sibi
784 2397 814 2450 ct
830 2393 902 2448 hosti

62 2469 158 2524 Iratus
175 2471 286 2540 pariter,
300 2471 405 2540 jejunis
422 2471 550 2524 dentibus
568 2489 637 2533 acer,

62 2545 236 2600 Praesidium
253 2547 345 2616 regale
363 2547 421 2600 loco
439 2547 549 2615 dejecit,
566 2551 598 2600 ut
615 2547 699 2614 aiunt,
889 2560 912 2600 so

62 2623 175 2676 Summo
193 2621 298 2676 munite
317 2626 347 2676 et
363 2622 511 2675 multarum
529 2622 613 2675 divite
631 2637 731 2676 rerum.

62 2698 160 2751 Clarus
178 2697 214 2751 ob
232 2697 262 2750 id
278 2699 380 2752 factum
398 2697 477 2750 donis
494 2700 606 2751 ornatur
623 2697 751 2765 honestis,

62 2773 174 2842 Accipit
192 2777 222 2828 et
239 2773 281 2827 bis
300 2773 371 2826 dena
389 2789 471 2841 super
488 2773 615 2826 sestertia
632 2789 779 2826 nummum.

61 2849 149 2903 Forte
167 2849 218 2902 sub
235 2849 285 2902 hoc
302 2853 411 2917 tempus
429 2849 569 2902 castellum
588 2852 710 2903 evertere
727 2849 839 2918 praetor

61 2923 163 2978 Nescio
181 2925 255 2994 quod
273 2926 384 2994 cupiens
401 2925 504 2979 hortari
522 2926 612 2994 coepit
629 2925 746 2978 eundem
889 2940 911 2979 ss
1003 2993 1004 2999 ¹

61 2998 165 3053 Verbis
183 3017 253 3069 quae
271 3001 368 3054 timido
386 3018 493 3070 quoque
510 3005 621 3070 possent
638 3001 739 3054 addere
757 3002 889 3054 mentem:

61 3073 106 3142 “I,
123 3075 202 3145 bone,
222 3093 276 3144 quo
294 3077 381 3132 virtus
399 3081 494 3132 tuate
511 3081 595 3141 vocat,
612 3077 623 3131 i
639 3077 710 3146 pede
727 3077 824 3144 fausto,

63 3147 186 3205 Grandia
203 3151 308 3207 laturus
325 3153 486 3207 meritorum
504 3153 632 3222 praemia.
668 3151 740 3218 Quid
758 3150 851 3206 stasl’'
