2036 3416
331 113 536 165 CARMINUM
552 116 606 166 111.
624 121 649 172 8.
877 121 906 174 tl

233 191 327 262 ’1111111
343 209 434 248 meme
450 193 568 263 beatum,

268 269 427 324 Constantis
440 268 571 336 juvenem
588 271 651 337 fide,

199 343 314 412 Gygenl
350 343 404 398 Ille
419 344 501 398 Notis
517 349 594 400 acbrs
611 347 648 400 ad
665 347 776 404 Oricum
895 363 910 406 1

200 417 267 473 Post
283 418 502 488 insanecapme
519 420 612 475 sidera
628 421 742 489 frigidus

234 493 336 548 Noctes
352 509 407 548 non
424 495 484 549 sine
499 495 595 550 multis

268 569 406 622 Insomnis
421 569 541 624 lacrimis
557 572 623 639 agit.

202 645 288 713 Atqui
306 644 436 698 sollicitae
452 646 565 700 nuntius
581 647 713 716 hospitae,

202 717 343 787 suspirare
361 719 464 774 Chloen
481 724 512 775 et
528 721 655 777 miseram
672 724 729 777 tuis
886 739 909 780 10

234 794 335 849 Dicens
354 795 463 863 ignibus
479 796 531 863 uri,

267 869 367 935 'lentat
384 871 458 924 mille
475 871 550 926 vafer
566 871 661 927 modis.

202 943 241 1000 ut
258 945 387 1000 Proetum
404 947 504 1000 mulier
519 947 625 1016 perfida
641 947 781 1003 credulum

205 1017 291 1073 Falsis
305 1021 445 1088 impulerit
462 1022 620 1077 criminibus
637 1023 718 1076 nimis

233 1094 315 1149 Casto
332 1095 536 1164 Bellerophonti
885 1112 908 1152 11

266 1169 407 1226 Maturare
422 1187 525 1240 necem,
540 1173 633 1228 refert.

199 1244 302 1299 Narrat
316 1261 404 1314 paene
421 1246 518 1300 datum
536 1247 620 1300 Pelea
636 1247 756 1315 Tartaro,

200 1318 371 1387 Magnessam
390 1321 558 1389 Hippolyten
575 1322 642 1376 dum
658 1322 730 1390 fugit
747 1322 888 1386 abstinens
896 1344 905 1386 ς

232 1394 270 1448 111
285 1411 398 1464 peecare
415 1396 545 1451 docentes

265 1468 361 1524 Fallax
378 1470 506 1525 1111101111
523 1476 621 1528 movet
882 1487 908 1528 so

198 1544 324 1600 llmstra:
342 1562 406 1600 nam
422 1547 539 1614 seopulis
556 1548 665 1602 surdior
682 1548 755 1602 icari

125 1621 131 1632 '
198 1618 286 1674 Voces
303 1621 381 1674 audit
397 1621 487 1674 adhuc
502 1621 616 1691 integer.
650 1625 692 1677 At
708 1622 760 1676 tibi

230 1693 274 1749 Ne
290 1696 394 1750 sicinus
411 1695 531 1764 Enipeus

265 1770 330 1824 Plus
344 1771 422 1838 justo
439 1772 545 1839 placeat
562 1787 644 1839 cave;

198 1844 325 1909 Quamvis
343 1861 399 1901 non
414 1847 484 1900 alius
501 1847 612 1902 flectere
630 1865 730 1917 equmn
748 1847 837 1902 sciens
881 1863 906 1903 11

197 1923 295 1989 Aeque
312 1921 479 1990 conspicitur
494 1923 618 1990 gramme
635 1923 744 1990 Martio,

231 1995 256 2048 N
258 2012 290 2049 ec
306 1997 449 2066 quisquam
467 1997 538 2051 citus
554 2013 643 2066 aeque

264 2070 351 2125 'Iuseo
369 2072 483 2126 denatat
498 2073 582 2127 alveo.

198 2140 289 2199 Prima
306 2151 386 2200 nocte
404 2147 514 2200 domum
532 2146 629 2202 claude
644 2162 734 2215 neque
752 2147 782 2202 in
798 2148 856 2202 vias

198 2219 254 2274 Sub
271 2225 354 2274 centu
371 2223 502 2290 querulae
520 2222 630 2291 despice
647 2221 739 2293 tibiae,
881 2237 905 2276 11

230 2294 267 2348 Iit
284 2298 315 2348 te
332 2311 413 2363 saepe
430 2297 538 2352 vocanti

203 2419 205 2424 .
263 2367 369 2442 Duram
386 2370 503 2425 difficilis
522 2387 608 2428 mano.

435 2509 522 2564 VIII.

196 2589 318 2646 11111111
335 2590 444 2647 caelebs
460 2592 528 2661 quid
544 2609 622 2662 agam
641 2593 783 2663 Kalendis,

196 2665 270 2729 Quid
286 2665 372 2721 velint
388 2666 472 2720 flores
487 2671 518 2722 et
534 2684 628 2722 acerra
644 2669 733 2722 thuris

196 2737 281 2794 Plena
297 2741 411 2809 miraris,
428 2742 588 2812 positusque
605 2742 687 2797 carbo
703 2743 732 2797 in

230 2815 359 2884 anspite
376 2816 445 2881 vivo,
822 2854 825 2860 ·

196 2885 284 2944 Docte
302 2906 441 2944 sermones
457 2889 601 2958 utriusque
617 2888 744 2956 linguael
891 2902 908 2947 t

195 2961 332 3020 Voveram
350 2964 444 3018 dulces
462 2964 556 3032 epulas
574 2967 604 3016 et
620 2962 712 3017 album

194 3035 296 3094 Libero
312 3055 423 3108 caprum
440 3054 526 3107 prope
543 3038 686 3103 funeratus

230 3113 348 3167 Arboris
364 3114 427 3166 ictu.
