2008 3416
340 67 554 144 suerranum
572 97 594 144 1.
613 99 636 146 a
869 101 913 147 roo

43 173 123 226 Huic
142 173 171 226 si
191 173 317 226 mutonis
334 171 425 226 verbis
442 173 513 226 mala
529 177 608 226 tanta
624 173 743 227 videntis

42 247 168 302 Diceret
181 248 255 300 haec
266 248 387 300 animus:
401 247 416 274 “
424 247 497 311 Quid
508 249 549 301 vis
560 249 630 302 tibil
646 249 780 318 numquid
792 265 842 318 ego
854 253 913 303 ate

43 322 155 390 Magno
176 326 347 391 prognatum
366 323 481 390 deposco
498 324 606 376 musula
624 339 742 376 cunnum
889 339 914 379 ro

43 397 248 466 velatumque
266 398 337 450 stola
354 414 415 450 mea
432 415 493 450 cum
511 398 661 452 conferbuit
679 399 755 453 iral’'

46 472 126 535 Quid
145 473 354 541 responderet?
390 472 514 540 “Magno
530 477 609 540 patre
626 477 692 526 nata
707 474 798 542 puella
815 473 877 528 est.’'

50 549 91 600 At
109 552 224 616 quanto
242 547 356 600 meliora
372 551 465 600 monet
481 549 683 617 pugnantiaque
700 549 761 604 istis

6 657 7 698 p
48 622 140 676 Dives
160 624 223 691 opis
241 628 342 676 natura
359 639 431 690 suae,
448 627 480 676 tu
498 624 521 676 si
538 624 620 678 modo
637 628 712 678 recte

6 747 7 754 ,
48 697 229 766 Dispensare
247 698 315 751 velis
334 714 365 750 ae
382 714 436 750 nou
453 697 583 766 fugienda
600 699 728 767 petendis
889 717 912 756 rs

6 767 7 774 ’
51 773 229 832 Immiseere.
265 774 323 826 Tuo
341 773 407 826 vitio
424 789 551 828 rerumne
569 774 676 828 labores

51 848 77 900 N
79 849 101 901 il
119 849 231 902 referre
248 849 348 917 putasl
385 849 475 913 Quare
491 865 526 902 nc
543 850 683 916 poeniteat
699 853 728 904 to

6 975 7 990 ἶ
53 923 161 977 Desine
180 928 320 977 matronas
339 925 474 992 sectarier,
492 925 567 978 unde
583 925 684 979 laboris

6 1029 8 1074 l
54 999 123 1052 Plus
141 1000 258 1052 haurire
275 999 340 1050 mali
358 1003 400 1072 est
418 1015 499 1068 qnam
518 1017 552 1052 ex
569 997 765 1070 re'decerpere
782 1002 894 1055 fructus.

6 1085 7 1090 ’
53 1074 115 1128 Nee
131 1075 226 1143 magis
243 1074 307 1127 huic
324 1074 397 1127 inter
413 1075 506 1127 niveos
523 1075 679 1144 viridesque
696 1077 801 1144 lapillos
887 1093 911 1130 so

55 1150 111 1216 (Sit
118 1150 190 1202 licet
199 1151 259 1216 hoc,
270 1149 408 1216 Cerintho,
418 1150 504 1215 tuum)
513 1153 637 1202 tenerum
647 1154 689 1203 est
697 1151 786 1203 lemur
794 1154 911 1204 anterus

55 1224 184 1292 Rectius,
202 1227 285 1292 atque
303 1224 387 1278 etiam
404 1223 499 1277 melius
516 1240 648 1294 persaepe
665 1229 775 1292 togatae
793 1229 842 1280 est.

56 1299 145 1353 Adde
163 1299 219 1352 hue
237 1299 310 1368 quod
328 1315 445 1351 mercem
464 1299 521 1352 sine
538 1299 607 1352 fucis
624 1304 722 1368 gestat,
741 1305 835 1370 aperte

57 1375 141 1440 Quod
160 1374 258 1427 venale
276 1373 360 1427 habet
378 1373 505 1440 ostendit,
523 1390 574 1427 nec
591 1374 614 1426 si
632 1375 699 1442 quid
715 1375 821 1430 honesti
839 1380 882 1430 est

57 1450 157 1504 Jactat
175 1448 313 1516 habetque
330 1449 426 1516 palam,
445 1449 552 1516 quaerit
569 1465 623 1518 quo
640 1450 732 1518 turpia
749 1451 826 1506 celet.
886 1466 911 1505 ss

6 1527 7 1540 ²
58 1525 187 1593 Regibus
204 1525 248 1577 hic
265 1541 323 1577 mos
341 1527 396 1582 est:
413 1524 460 1576 ubi
478 1540 563 1592 equos
581 1529 737 1578 mercantur
753 1531 861 1593 opertos

6 1605 7 1642 ἒ
59 1601 225 1670 Inspiciunt,
243 1616 278 1652 ne
296 1599 319 1652 si
336 1599 419 1652 facies
436 1601 468 1652 ut
486 1615 566 1667 saepe
584 1599 682 1653 decora

59 1675 139 1729 hiolli
158 1675 229 1728 fulta
245 1674 316 1743 pede
335 1678 377 1728 est
395 1677 545 1742 emptorem
562 1674 675 1728 inducat
692 1675 820 1742 hiantem,
846 1721 853 1725 .

60 1751 143 1815 Quod
162 1750 289 1818 pulchrae
306 1750 405 1816 clunes,
417 1749 501 1802 breve
519 1751 592 1817 quod
611 1754 699 1817 caput,
711 1750 797 1802 ardua
810 1749 909 1803 cervix.

59 1826 124 1880 Hoc
142 1826 183 1878 illi
200 1829 290 1880 recte:
308 1841 343 1878 ne
360 1824 478 1893 corporis
496 1825 599 1892 optima
617 1824 715 1891 Lyncei
886 1839 909 1879 ao

6 1919 7 1922 ’
61 1901 255 1970 Contemplere
272 1900 363 1968 oeulis,
382 1900 509 1968 Hypsaea
525 1899 629 1952 caecior
646 1900 693 1953 illa

62 1978 140 2041 Quae
158 1977 229 2030 mala
245 1980 308 2029 sunt
327 1979 438 2043 spectes.
475 1974 592 2028 Ocrusl
611 1991 627 2027 o
644 1973 774 2030 brachiat-
804 1975 909 2028 Verum

6 2099 7 2104 ,
61 2052 195 2120 Depugis,
213 2055 317 2120 nasuta,
334 2051 411 2103 brevi
427 2051 515 2103 latere
533 2066 564 2103 ac
581 2049 653 2118 pede
670 2049 750 2116 longo
768 2053 817 2104 est.

61 2127 205 2181 Matronae
222 2130 331 2194 praeter
347 2125 443 2178 faciem
460 2125 499 2176 nil
516 2140 627 2178 cernere
644 2123 738 2192 possis,

6 2195 7 2228 ³
63 2203 171 2270 Cetera,
188 2201 215 2254 ni
234 2201 312 2254 Catia
330 2204 379 2266 est,
397 2199 514 2252 demissa
531 2202 608 2252 veste
625 2199 751 2266 tegentis.

6 2311 8 2340 ,
63 2277 94 2331 Si
110 2277 255 2331 interdicta
272 2279 357 2346 petes,
375 2275 444 2328 vallo
462 2274 628 2327 circumdata
646 2291 718 2342 gnam
735 2279 766 2330 tc

6 2341 8 2394 l
63 2353 126 2406 Hoc
143 2351 207 2404 facit
223 2351 363 2416 insanum),
381 2349 483 2402 multae
500 2348 552 2402 tibi
569 2353 629 2403 tum
647 2351 764 2406 officient
781 2367 833 2418 res,

64 2426 205 2494 Custodes,
222 2427 325 2494 lectica,
342 2425 486 2492 ciniflones,
504 2425 646 2494 parasitos,

65 2502 113 2556 Ad
129 2500 198 2556 talos
214 2501 284 2556 stola
302 2501 419 2556 demissa
435 2505 464 2554 et
481 2500 648 2556 circumdata
664 2503 744 2572 palla,

65 2577 185 2630 Plurima
201 2593 271 2645 quae
288 2575 429 2630 invideant
446 2593 515 2644 pure
533 2592 665 2647 apparere
682 2578 734 2631 tibi
751 2593 817 2630 rem.
876 2591 909 2630 roo

66 2653 164 2706 Altera
179 2653 216 2704 nil
235 2652 342 2706 obstat:
362 2651 423 2705 Cois
441 2650 493 2704 tibi
510 2667 596 2719 paene
613 2649 706 2706 videre
724 2656 767 2704 est

66 2727 107 2781 Ut
122 2727 228 2797 nudam,
246 2743 281 2780 ne
299 2743 378 2780 crure
395 2726 472 2794 malo,
490 2742 525 2780 ue
543 2727 579 2792 sit
596 2726 668 2794 pede
685 2727 774 2794 turpi;

66 2801 159 2855 Metiri
174 2803 261 2870 possis
279 2801 354 2854 oculo
371 2801 451 2858 latus.
487 2801 533 2860 An
548 2801 600 2853 tibi
618 2801 703 2853 uraris

67 2876 181 2930 insidias
199 2876 259 2928 fieri
276 2877 448 2948 pretiumque
466 2876 577 2930 avellier
593 2878 657 2927 ante

67 2951 151 3014 Quam
167 2967 286 3008 meroem
303 2952 426 3004 ostendii
450 2951 603 3018 “Leporem
621 2953 734 3014 venator
749 2955 781 3006 ut
796 2953 852 3008 alta
875 2967 909 3009 us

67 3025 176 3082 lenire
194 3029 321 3094 sectetur,
338 3027 456 3092 positum
475 3026 512 3078 sic
529 3028 643 3092 tangere
660 3026 750 3096 nolit,’'
862 3033 866 3040 “

6 3121 7 3136 ³
69 3103 164 3160 emat
180 3107 210 3156 et
226 3102 350 3170 apponit:
368 3100 468 3152 “Meus
485 3103 528 3153 est
545 3117 621 3154 amor
638 3102 701 3157 huic
713 3103 828 3171 ’similis;
845 3119 908 3158 nam
