2008 3416
106 110 153 160 116
379 100 535 153 HORAm
550 103 682 153 mccl

106 188 144 242 Ilt
159 184 235 240 vivat
251 183 329 254 puris
344 179 473 236 manibus
489 184 646 236 contemnat
661 196 819 252 utrumque

105 263 147 316 Ut
164 261 201 315 sis
218 264 251 315 tu
269 259 363 314 similis
381 260 457 314 Caeli
475 257 603 326 Birrique
619 258 766 327 latronum,

106 337 170 392 Non
188 354 238 405 ego
256 353 316 390 sum
335 335 416 403 Capri
433 351 523 403 neque
541 333 630 388 Sulci:
648 351 697 388 cnr
713 338 822 388 metuas
839 337 907 394 mel
955 355 988 399 ro

107 412 191 467 Nulla
207 411 325 466 taberna
339 426 415 464 meos
431 409 532 464 habeat
548 425 639 478 neque
656 410 714 480 pila
730 410 846 480 libellos,

108 488 175 552 Quis
192 503 288 542 manus
305 485 417 540 insudet
433 485 507 552 vulgi
525 485 764 555 Hermogenisque
783 487 905 555 ligelli:

107 564 134 619 N
136 581 167 620 ec
183 565 269 618 recito
286 563 412 630 cuiquam
428 560 481 614 nisi
497 561 597 629 caricis,
615 561 699 630 idque
717 566 834 632 coactus,

107 641 171 695 Non
188 639 278 694 ubivis
295 653 418 693 coramve
435 635 609 705 quibuslibet.
644 637 679 690 In
695 638 787 692 medic
804 637 852 707 qui

108 716 217 784 Scripta
235 716 293 768 foro
313 713 431 767 recitent
449 715 513 766 sunt
531 713 611 768 multi
629 713 732 783 quique
749 715 889 771 lavantes:
947 734 982 778 π

108 792 197 847 Suave
214 791 289 844 loeus
306 789 366 843 voci
385 791 495 841 resonat
513 787 659 841 conclusus.
696 788 795 843 Inanes

109 868 171 922 Hoc
184 866 271 934 juvet,
289 863 364 918 haud
383 863 451 916 illud
469 866 640 931 quaerentes,
659 879 725 917 num
743 864 802 920 sine
820 879 913 934 sensu,

109 942 241 1011 Tempore
257 957 323 994 num
341 939 441 993 faciant
461 939 556 992 aliene.
591 939 739 994 “haedere
759 940 889 1008 gaudes,”

109 1017 212 1087 Inquit,
231 1017 283 1072 “et
301 1016 352 1070 hcc
370 1014 461 1070 studio
478 1030 578 1082 pravus
597 1015 684 1069 facis?
719 1015 802 1070 Unde
817 1016 950 1085 petitum

109 1093 171 1148 Hoc
189 1092 219 1146 in
237 1108 282 1146 me
294 1090 384 1160 jarer
419 1090 470 1144 Est
487 1092 582 1143 auctor
600 1089 662 1158 quis
680 1089 798 1160 deniqne
816 1107 915 1146 comm
942 1109 974 1150 sc

109 1166 175 1223 Vixi
194 1185 255 1222 eum
274 1167 390 1236 quibust
427 1165 578 1219 Absentem
597 1165 645 1234 qni
663 1166 738 1221 rodit
756 1166 890 1234 amicum

110 1245 163 1308 Qui
180 1260 234 1298 non
254 1241 379 1297 defendit
396 1240 449 1294 elio
469 1241 611 1309 culpante3
630 1241 732 1295 solutos

110 1320 163 1383 Qui
181 1322 274 1388 captat
288 1318 359 1372 risus
377 1315 515 1370 hominum
533 1315 687 1384 famamque
705 1316 820 1382 dicacis;

110 1395 227 1464 Fingere
246 1393 293 1464 qui
312 1410 366 1447 non
385 1392 442 1445 visa
459 1393 566 1460 potest;
584 1392 727 1446 commissa
743 1395 835 1448 tacere

110 1471 163 1535 Qui
181 1470 291 1538 nequit;
308 1468 354 1522 hie
371 1467 450 1535 niger
463 1467 599 1535 est‚l1une
614 1471 653 1535 tu,
667 1467 797 1535 Romane,
808 1470 915 1524 caveto.
941 1487 972 1528 ss

110 1547 197 1616 Saepe
216 1546 305 1600 tribus
323 1543 402 1598 lectis
419 1541 514 1596 videas
531 1558 647 1596 coenare
665 1547 819 1612 quaternos,

110 1623 133 1676 Ε
150 1622 248 1692 quibus
265 1637 335 1674 unus
355 1622 429 1673 amet
448 1617 543 1686 quavis
561 1617 726 1687 adspergere
744 1623 854 1673 cunctos
876 1668 881 1674 ,

110 1699 224 1752 Praeter
233 1713 294 1750 enm
301 1695 348 1764 qu'i
355 1693 470 1765 praebet
477 1709 590 1762 aquam3
601 1693 743 1762 posthunc
752 1697 970 1764 quoquepotus,

110 1773 226 1827 Condita
243 1789 304 1826 eum
324 1787 407 1824 verax
425 1769 514 1838 aperit
533 1769 692 1838 praecordia
711 1769 800 1824 Liber.

110 1848 165 1902 Hic
182 1847 234 1901 tibi
252 1845 335 1899 comis
353 1849 383 1898 et
400 1844 520 1898 urbanus
540 1843 664 1913 liberque
682 1844 801 1914 videtur,
939 1863 971 1903 ao

110 1923 214 1976 Infesto
232 1921 324 1988 nigris.
359 1919 418 1988 Ego
438 1919 462 1974 si
480 1919 529 1973 risi
547 1919 622 1988 quod
642 1919 752 1990 ineptus
797 1929 801 1944 ¹

110 1997 236 2052 Pastillos
255 1995 372 2051 Rufillus
391 1995 454 2062 olet,
473 1995 626 2062 Gorgonius
644 1995 758 2064 hircum,

110 2073 222 2127 lividus
240 2076 270 2126 et
287 2071 401 2126 mordax
418 2071 513 2128 videor
529 2070 599 2124 tibil
634 2071 740 2126 Montio
758 2069 782 2124 si
802 2086 858 2140 qua
899 2138 902 2144 Ι

110 2148 153 2203 De
173 2147 318 2217 Capitolini
335 2147 417 2200 furtis
434 2145 538 2214 injecta
557 2145 650 2200 Petilli

99 2221 147 2278 'Te
167 2239 256 2277 eoram
274 2221 365 2289 fuerit,
384 2221 517 2275 defendas
535 2223 568 2274 ut
588 2223 653 2275 tuus
672 2225 717 2276 est
734 2237 808 2292 mos:
937 2238 967 2279 as

109 2297 178 2352 “Me
194 2296 362 2366 Capitolinus
377 2297 530 2350 convictore
549 2313 616 2350 usus
633 2297 775 2367 amicoque

109 2375 136 2428 A
154 2389 240 2443 puero
258 2374 308 2439 est,
327 2387 461 2440 causaque
480 2388 543 2426 mea
562 2373 700 2440 permulta
718 2375 832 2441 rogatus

109 2449 193 2514 Fecit,
209 2451 238 2502 et
255 2446 395 2500 incolumis
412 2447 499 2501 laetor
516 2447 591 2516 quod
607 2448 675 2502 vivit
691 2448 721 2502 in
738 2447 822 2514 urbe;

108 2525 165 2579 Sed
181 2528 273 2579 tamen
290 2521 417 2590 admiror,
436 2539 490 2591 quo
507 2526 586 2590 paeto
600 2522 736 2591 judicium
752 2523 821 2576 illud

108 2599 243 2669 Fugerit.''
281 2597 336 2652 Hic
353 2598 447 2666 nigrae
464 2615 559 2652 succus
575 2598 701 2667 loliginis,
718 2599 785 2653 haee
803 2602 847 2653 est
927 2612 965 2654 roe

108 2678 218 2746 Aerugo
235 2691 318 2729 mera.
353 2674 433 2739 Quod
449 2673 546 2728 vitium
563 2675 658 2743 procul
675 2675 750 2729 afore
768 2673 870 2728 chartis
887 2724 890 2728 .

108 2755 203 2822 Atque
219 2751 310 2806 animo
326 2750 410 2819 prius,
428 2752 461 2803 ut
478 2750 501 2803 si
519 2750 587 2818 qnid
604 2751 766 2819 promittere
784 2750 820 2804 de
837 2765 883 2804 me

108 2827 222 2880 Possum
239 2825 314 2880 aliud
331 2841 402 2894 vere,
420 2825 557 2894 promitto.
593 2825 719 2880 Liberius
736 2825 761 2879 si

106 2901 210 2956 Dixere
228 2901 303 2970 quid,
320 2901 343 2954 si
360 2901 431 2955 forte
444 2899 571 2969 jocosius,
588 2901 640 2956 hoc
656 2901 723 2955 mihi
737 2901 810 2969 juris

107 2975 176 3028 (lum
193 2976 272 3028 venia
289 2975 381 3028 dabis:
399 2976 517 3029 insuevit
534 2981 614 3044 pater
632 2977 751 3046 optimus
768 2977 820 3031 hoe
837 2993 890 3045 mc,
926 2991 963 3035 les

106 3049 148 3102 Ut
165 3050 287 3116 fugerem
305 3049 436 3115 exemplis
452 3050 581 3103 vitiorum
599 3068 725 3121 quaeque
742 3051 872 3108 notando.

107 3121 177 3174 Cum
194 3137 239 3174 me
256 3121 420 3188 hortaretur,
437 3137 525 3190 parce,
542 3124 693 3193 frugaliter,
710 3129 795 3198 atque
