2008 3416
114 109 162 158 140
389 106 544 156 HORATII
560 106 691 156 FLAOOI

114 185 264 255 Ungere'
243 202 266 240 si
284 185 374 239 caules
392 185 451 239 oleo
468 185 579 240 meliore
597 189 736 256 caputque
896 205 899 210 ·
941 205 977 248 rat

114 260 268 330 Ooepeais'
260 277 370 329 impexa
387 259 498 315 foedum
516 261 670 330 porriginel
706 263 804 332 Quare,

114 336 269 406 siquinus
287 337 354 390 satis
371 335 570 405 estparjuras,
588 331 709 425 surripis,
728 339 819 392 aufers
1002 393 1003 396 ,

114 411 265 481 Undiquol
300 413 360 466 Tun
378 414 478 467 sanuel
514 413 687 481 Populum'
666 430 689 468 ιι
708 414 825 472 caedere
841 416 918 472 saxis

115 487 234 557 Incipias
251 503 398 557 servosque
414 491 476 542 tnos
492 503 560 556 qnos
577 505 641 542 aero
658 490 770 558 pararis,
1002 485 1003 504 ἢ

115 562 246 618 Insanum
262 567 293 617 te
310 578 404 617 omnes
421 562 499 630 pueri
515 563 688 632 clamentque
703 565 823 633 puellae:
936 585 974 624 ιω

115 638 185 692 (ιιιιιι
202 640 299 707 laqueo
316 654 431 692 uxorem
447 638 582 692 interimis
599 644 769 708 matremque
778 653 893 702 veneno
1002 663 1003 698 1

115 713 344 782 Incolumicapite
353 730 383 766 ee
393 712 680 783 londoniamque
691 718 724 768 tu
735 716 786 770 hoc
797 717 864 777 lacis
873 719 947 787 Arg
919 735 972 788 ars,

114 789 141 843 N
143 807 174 844 ec
189 789 262 843 ferro
279 792 311 842 ut
327 787 440 841 demens
457 789 618 876 genitricem
635 789 735 844 occidis
754 790 874 848 Orestes
1002 799 1003 804 ’

114 865 161 919 An
178 867 211 918 tu
227 863 296 918 reris
314 879 377 917 eum
394 863 481 917 occisa
499 864 633 918 insanisse
650 869 770 933 parente,

114 941 157 994 Ac
173 956 228 994 non
244 943 308 994 ante
324 938 404 993 malis
421 937 577 993 dementem
595 942 685 994 actum
704 940 794 994 Furiis
811 957 896 1009 quam
935 959 1003 1000 13⁵

115 1016 149 1070 Iu
166 1015 262 1070 matris
276 1014 373 1084 jugulo
390 1014 493 1068 ferrum
509 1014 640 1083 tepefecit
656 1019 784 1070 acutuml
1002 1013 1003 1084 j

114 1090 186 1155 Quin
204 1107 240 1146 ex
255 1107 309 1159 quo
327 1093 371 1144 est
387 1088 498 1144 habitus
516 1089 587 1144 male
604 1093 681 1144 tntae
697 1091 798 1146 mentis
816 1090 935 1148 Orestes
1002 1109 1003 1112 ’

113 1166 161 1220 Nil
178 1183 244 1222 sane
261 1166 326 1220 fecit
343 1166 417 1234 quod
433 1168 466 1220 tu
482 1165 685 1234 reprehendere
701 1167 801 1235 poesie.

113 1242 140 1296 N
141 1259 176 1296 οιι
195 1242 315 1312 Pyladen
331 1241 405 1295 feno
422 1240 523 1294 violare
540 1257 656 1295 aususve
673 1257 795 1296 sororem
1002 1297 1003 1308 ,

79 1349 82 1354 ·
112 1317 259 1386 Electram,
275 1321 384 1372 tantum
400 1316 540 1370 maledicit
557 1317 668 1386 utrique
685 1316 807 1372 vocando
933 1338 970 1378 no
1002 1309 1003 1388 ι

113 1393 193 1448 Hanc
211 1393 329 1460 Furiam,
346 1393 419 1446 hunc
435 1391 511 1445 aliud
523 1391 609 1460 jussit
626 1391 701 1461 qnod
718 1393 862 1463 splendida
880 1395 956 1451 hilis.

113 1468 222 1539 Pauper
239 1468 364 1537 Opimius
381 1467 489 1534 argenti
505 1467 588 1534 positi
605 1467 679 1522 intus
697 1471 725 1522 et
743 1469 820 1536 auri,
1002 1465 1003 1488 ³

113 1545 167 1609 Qui
185 1545 368 1600 Veientanum
384 1542 463 1596 festis
479 1544 576 1609 potare
594 1541 691 1596 diebus

113 1621 252 1691 Campana
269 1619 331 1674 solit
319 1623 363 1674 tus
379 1617 464 1672 trulla
481 1633 651 1687 vappamque
667 1619 802 1687 profestis,

113 1697 256 1760 Quondam
273 1695 395 1760 lethargo
411 1692 508 1760 grandi
526 1695 570 1746 est
587 1709 740 1762 oppressus,
757 1697 789 1748 ut
806 1695 887 1750 heres
929 1714 1003 1756 ιιι

112 1771 178 1825 Jam
195 1771 296 1824 circum
313 1768 415 1822 loculos
432 1771 463 1821 ot
479 1767 569 1822 claues
586 1768 675 1822 laetus
693 1785 830 1838 manuque
1002 1821 1003 1824 ,

113 1847 251 1900 Omreret.
286 1843 368 1896 Hunc
384 1841 507 1902 medicus
524 1842 594 1896 mult
582 1844 733 1898 tumeeler
748 1848 835 1914 atque.
851 1845 946 1905 fidelis
1002 1839 1003 1910 ι

112 1921 223 1974 Excitat
238 1920 289 1972 hoc
306 1921 400 1987 pacto:
416 1929 543 1971 mensam¹
555 1918 620 1986 pom
634 1918 724 1986 jubet
734 1923 817 1989 atque
1002 1913 1003 1930 ¹

111 1995 223 2050 Effundi
241 2010 330 2048 saccos
347 2008 525 2059 nummorum,
539 1993 668 2046 accedere
683 1994 778 2062 plures
1002 2051 1003 2056 χ

112 2072 160 2127 Ad
171 2069 382 2136 numerandum
393 2067 531 2122 hominem
543 2069 582 2130 sic
593 2069 689 2136 erigit3
700 2069 779 2124 addit
790 2073 820 2124 et
831 2071 914 2128 illud:
929 2090 965 2130 reo
1002 2067 1003 2124 l

112 2149 152 2202 ‘N
153 2149 163 2202 i
179 2151 229 2202 tua
245 2145 366 2202 custodis
384 2143 479 2199 avidus
493 2143 553 2210 jam
571 2143 638 2198 haec
655 2145 873 2200 auferet‘heres'

111 2222 191 2278 ‘Men
209 2223 295 2278 vivol'
327 2221 382 2276 ‘Ut
399 2219 473 2274 vivas
490 2219 575 2288 igitur
592 2219 686 2288 vigila:
705 2220 757 2274 hoc
774 2221 839 2289 age!
871 2221 965 2284 ‘Quid

178 2299 220 2352 vis
229 2299 247 2354 ι’

110 2373 284 2429 ‘Deficient'
276 2387 386 2441 inopem
402 2385 489 2426 venae
505 2373 535 2425 te
553 2370 583 2424 ni
600 2369 677 2424 cibus
695 2372 779 2440 atque

110 2451 211 2520 Ingens
227 2447 333 2504 accedit
350 2446 488 2502 stomacho
505 2445 607 2501 fultura
624 2446 722 2500 ruenti

109 2527 270 2582 recessum
306 2522 440 2592 Agedum,
454 2539 529 2577 sume
541 2522 591 2575 hoc
602 2521 780 2590 ptisanarium
791 2526 903 2590 crytae!
926 2541 1003 2582 ree

109 2603 223 2669 Quanti
235 2600 370 2671 emptae?
388 2597 505 2653 ‘Parvo'
523 2597 640 2662 Quanti
651 2597 742 2665 ergol
760 2595 829 2651 ‘tOc
817 2598 961 2656 tussibus!
1002 2631 1003 2696 q

178 2679 286 2732 ‘Eheul

107 2752 180 2818 Quid
196 2753 282 2806 refert
270 2748 394 2804 tmorbo
411 2765 446 2802 an
461 2745 543 2801 furtis
560 2762 725 2816 pereamque
741 2747 868 2817 rapinisl‘
1002 2803 1003 2816 ,

107 2829 237 2893 Qursnam
247 2825 332 2894 igitur
343 2825 441 2878 sanuel
478 2821 531 2886 Qu1
542 2838 596 2876 non
608 2823 717 2876 stultus
752 2822 1003 2888 Quidavarusl

105 2903 180 2958 Stult
168 2905 258 2956 ttuse
274 2901 392 2954 insanus.
429 2896 510 2965 Quid,
529 2897 552 2950 si
570 2897 631 2966 quis
648 2914 703 2952 non
721 2897 757 2952 sit
775 2915 881 2968 avarius,
1002 2905 1003 2916 ¹

105 2977 240 3030 Continuo
258 2976 360 3030 sanuel
395 2973 517 3027 Minime
552 2971 747 3039 Our‚Sto'1'cel
782 2973 887 3030 Dicam.
920 2991 958 3031 reo

105 3050 168 3105 Non
185 3054 228 3103 est
244 3049 383 3102 cardiacus
402 3048 557 3116 (Craterum
575 3047 677 3100 dixisse
694 3049 792 3115 putato
775 3049 800 3113 o)

105 3121 160 3177 Hic
176 3137 271 3188 aeger:
289 3124 365 3176 recte
382 3125 426 3174 est
442 3121 528 3186 igitur
545 3123 711 3190 surgetquel
746 3121 773 3176 N
775 3121 876 3193 egebit,
