2044 3416
109 103 155 150 160
370 97 524 146 EORATII
541 97 670 146 Fnaccl

103 179 215 234 Nodoss
234 172 421 249 corpusinolis
440 161 585 248 proiribere
606 179 745 246 cheragra

103 255 155 310 use
174 255 292 323 quadani
311 255 420 328 prodire
439 259 520 308 tenus
539 253 634 308 sinon
655 253 738 306 datur
756 253 838 314 ultra.

104 330 206 384 Fervet
223 331 337 384 avaritia
354 331 508 398 miseroque
526 329 652 398 cupidine
669 332 773 398 pectus,

104 406 174 460 Sunt
191 406 276 460 verba
293 409 322 460 ct
339 422 418 459 voces
436 405 534 473 quibus
551 395 622 458 hunc
640 404 726 458 lenire
744 403 870 463 dolorem

104 481 196 536 Possis
214 486 243 536 et
260 496 385 549 magnam
402 477 490 534 morbi
509 480 645 547 deponere
663 483 778 549 partem
954 499 987 542 3⁵

105 558 207 612 Laudis
224 574 316 612 amore
332 560 431 622 tumes,
450 557 517 608 suut¹
531 553 606 608 certa
623 555 729 624 piacula
746 554 869 629 quaeris

105 631 158 686 Ter
174 650 242 702 pure
260 632 332 688 lecto
349 634 478 702 poterunt
496 645 620 684 recreare
637 629 736 684 libello.

105 707 223 774 Invidus,
241 707 393 775 iracundus,
411 698 491 771 iners,
510 706 625 772 vinosus,
643 708 754 773 amator,

104 782 192 836 Nemo
209 782 278 836 adeo
296 783 370 834 ferus
388 785 431 836 est
448 785 480 834 ut
497 797 550 834 non
568 781 712 834 mitescere
729 779 824 849 possit,

104 857 133 910 Si
151 857 231 910 modo
250 857 372 910 culturae
390 857 541 925 patientem
559 855 712 910 commodet
729 871 828 909 aurem.
948 875 980 918 40

104 933 200 986 Virtus
218 937 261 986 est
278 933 373 986 vitium
391 932 485 1000 fugere
502 935 532 986 et
549 931 682 1002 sapientia
699 931 788 1000 prima

104 1008 229 1064 Stultitia
246 1009 371 1062 caruisse.
407 1007 494 1060 Vides
512 1023 582 1075 quae
599 1007 717 1060 maxima
734 1003 824 1062 credis

103 1084 171 1138 Esse
189 1085 267 1152 mala,
286 1085 413 1152 exiguum
431 1099 541 1136 censum
560 1084 724 1152 turpemque
741 1082 891 1152 repulsam,

104 1161 211 1225 Quanto
229 1161 334 1214 devites
352 1159 434 1212 animi
452 1158 602 1226 capitisque
619 1158 719 1212 labore.

103 1235 224 1304 Impiger
242 1240 379 1290 extremos
397 1234 484 1288 curris
501 1237 637 1288 mercator
654 1234 690 1288 ad
709 1234 799 1300 ludos
942 1255 973 1296 45

103 1311 157 1364 Per
174 1329 248 1365 mare
266 1311 423 1380 pauperiem
441 1309 555 1377 fugiens,
573 1325 623 1378 per
641 1326 713 1376 saxa,
730 1327 782 1378 per
798 1313 895 1378 ignes:

102 1386 128 1439 N
131 1404 146 1440 e
164 1404 241 1440 cures
259 1403 292 1441 ea
310 1403 380 1455 quae
398 1385 482 1439 stulte
499 1385 607 1438 miraris
625 1389 655 1439 et
672 1389 751 1454 optes

101 1461 221 1528 Discere,
238 1466 267 1516 et
285 1462 387 1530 audire,
406 1465 435 1516 et
452 1461 557 1514 meliori
575 1461 688 1514 credere
704 1477 759 1514 non
776 1461 835 1516 risi

102 1537 168 1601 Quis
186 1538 285 1592 circum
303 1555 386 1608 pagos
405 1541 433 1592 et
451 1537 552 1590 circum
569 1537 687 1606 compita
704 1553 815 1606 pugnax

100 1613 201 1682 Magna
219 1615 340 1668 coronari
358 1616 513 1666 contemnat
531 1612 663 1681 Olympia,
680 1613 724 1666 cui
742 1629 813 1682 spes,
937 1633 967 1674 ω

101 1689 151 1743 Oui
169 1691 206 1744 sit
223 1690 343 1744 conditio
361 1689 448 1742 dulcis
466 1689 524 1742 sine
541 1688 653 1756 pulvere
670 1689 792 1757 palmael

100 1765 189 1818 Vilius
208 1768 351 1832 argeutum
369 1767 412 1817 est
429 1779 502 1832 auro,
520 1763 669 1817 virtutibus
686 1781 790 1818 aurum.

100 1839 142 1892 “O
161 1841 241 1906 cives,
259 1839 339 1907 cives,
357 1839 514 1907 quaerenda
531 1839 645 1908 pecunia
661 1841 780 1908 primum
797 1844 855 1904 est;
926 1889 929 1894 .

99 1915 196 1969 Virtus
213 1918 275 1984 post
292 1915 438 1968 nummos?⁸
474 1915 552 1969 Haec
570 1915 658 1968 Janus
676 1932 797 1968 summus
815 1916 851 1968 ab
870 1917 933 1971 imo

99 1990 241 2059 Perdocet‚
259 1991 327 2045 haec
344 1991 470 2044 recinunt
483 1989 599 2058 juvenes
618 1991 721 2045 dictata
739 2007 882 2060 senesque,
932 2011 960 2049 ss

98 2066 188 2121 Laevo
206 2067 331 2137 suspensi
348 2067 448 2121 loculos
465 2065 642 2133 tabulamque
658 2066 767 2120 lacerto.

98 2141 149 2197 Est
166 2144 271 2197 animus
288 2143 347 2209 tibi,
367 2145 431 2196 sunt
448 2159 537 2196 mores
555 2145 585 2195 et
602 2143 694 2210 lingua
711 2142 849 2211 fidesque3

97 2217 153 2272 Sed
170 2219 377 2286 quadringentis
396 2221 568 2285 sexseptem
585 2218 660 2271 milia
678 2217 785 2286 desunt,
841 2244 846 2249 ·

97 2293 179 2347 Plebs
197 2295 258 2346 eris.
294 2295 334 2347 At
351 2294 429 2362 pueri
447 2293 581 2362 ludentes,
600 2293 683 2347 “Rex
700 2292 774 2358 eris,”
793 2293 877 2362 aiunt,

96 2363 145 2423 '“Si
162 2372 238 2423 recte
255 2369 360 2422 facies?
397 2369 452 2422 Hic
469 2385 563 2422 murus
581 2373 682 2422 aeneus
700 2373 767 2437 estc,
929 2389 956 2428 eo

96 2445 143 2499 Nil
161 2445 281 2500 conscire
300 2444 359 2512 sibi,
376 2444 452 2497 nulla
469 2445 617 2512 pallescere
635 2445 721 2514 culpa

96 2521 201 2591 Roscia,
219 2521 264 2574 dic
281 2520 368 2588 sodes,
386 2520 482 2574 melior
500 2521 545 2573 lex
562 2537 598 2574 an
615 2537 762 2589 puerorum
780 2523 824 2576 est

95 2595 192 2666 Nema,
210 2613 280 2666 quse
297 2612 411 2664 regnum
428 2598 504 2650 recte
521 2595 685 2649 facientibus
703 2596 790 2664 offert,

95 2674 132 2728 Et
149 2673 269 2728 maribus
288 2672 377 2726 (iuriis
395 2675 425 2726 et
442 2672 587 2726 decantata
605 2671 744 2726 Camillis?

95 2747 159 2803 Isne
176 2749 229 2802 tibi
246 2747 343 2802 melius
362 2747 460 2802 suadet
477 2747 526 2815 qui
543 2763 601 2800 rem
619 2746 709 2812 facias,
727 2763 794 2814 rem,
923 2765 952 2806 ss

94 2825 123 2878 Si
141 2825 227 2893 possis
245 2827 326 2891 recte,
345 2823 368 2876 si
386 2840 439 2876 non
458 2839 618 2891 quocunque
636 2823 717 2876 modo
734 2839 801 2888 rem,

97 2899 134 2952 Ut
151 2899 261 2968 propius
280 2903 386 2967 spectes
404 2899 547 2952 lacrimosa
563 2902 691 2966 poemata
708 2897 788 2967 Pupi,

95 2976 140 3023 An
158 2974 205 3038 qui
223 2973 360 3026 Fortunae
378 2977 407 3026 te
424 2989 584 3040 responsore
603 2973 737 3040 superbae

95 3043 223 3094 Liberum
241 3048 270 3095 et
288 3050 409 3100 erectum
426 3062 555 3114 praesens
573 3046 700 3099 hortatur
717 3051 747 3100 et
764 3049 861 3115 aptati

95 3113 198 3174 Quodsi
215 3128 258 3164 me
276 3117 392 3181 populus
411 3118 549 3170 Romanus
565 3119 637 3172 forte
654 3124 741 3188 roget,
759 3137 809 3174 cur
921 3139 947 3180 ro
