2008 3416
369 75 523 124 HORATII
540 73 671 126 FLACGI

232 157 335 227 Regius
352 157 468 224 sanguis,
489 155 670 223 dominaeque
687 156 763 212 tradi

231 233 371 290 Barbarae
388 231 630 302 pellem-Aderat
647 233 772 300 querent'

231 309 373 364 Perfidnm
390 307 484 362 ridens
502 306 598 360 Venus
616 310 646 360 et
663 308 776 364 remisso

267 384 352 438 Nilius
372 401 444 438 arcu.

231 461 297 514 Mox
314 459 363 513 ubi
380 459 446 514 lusib
464 457 549 513 eatis:
568 457 724 528 Abstineto,

231 535 317 603 Dixit,
333 535 437 587 irarum
455 533 614 600 calidaeque
631 533 714 601 rinae,

231 611 301 666 Gum
317 609 370 663 tibi
387 610 490 674 inrisus
508 608 652 662 laceranda
671 607 772 664 reddet

267 685 375 738 Cornua
391 687 494 737 taurus.
577 722 579 726 .

229 761 308 815 Uxor
325 759 419 813 invicti
437 758 515 812 Iovis
533 773 594 814 esse
611 759 717 814 nescis:

231 836 316 891 Mitte
334 834 487 902 siugidtus3
506 834 576 888 bene
594 835 667 888 ferre
685 851 810 903 magnam

230 910 313 964 Disce
325 909 485 974 'fortunam
502 912 551 964 tua
569 913 661 964 sectus
678 910 752 966 orbIs
928 933 958 972 re
988 953 989 956 =

264 985 382 1040 Nomina
399 985 489 1040 ducet.

446 1125 589 1182 XXVIII.

167 1267 170 1272 ,
230 1209 320 1266 anro
339 1209 407 1278 quid
423 1209 516 1278 potius
534 1209 580 1262 die

264 1286 388 1354 Neptuni
405 1285 524 1339 faciam?
560 1283 660 1338 Prome
677 1284 856 1356 reconditum,

230 1359 306 1429 Lyde
324 1365 442 1428 strenua,
461 1358 618 1414 Caecubum

265 1435 444 1504 Munitasque
460 1433 563 1489 adhibe
579 1435 636 1488 vim
653 1435 809 1503 sapientiae.

230 1510 368 1566 Inclinare
385 1507 528 1564 meridiem
933 1527 949 1568 a

265 1587 357 1658 SentIs
375 1603 414 1654 ae,
432 1585 518 1640 veluti
536 1588 593 1640 stet
609 1585 726 1640 volucris
742 1585 809 1654 dies,

230 1661 325 1716 Parcis
343 1661 471 1730 deripere
489 1660 588 1722 horreo

265 1738 426 1791 (lassantem
443 1736 536 1790 Bibuli
554 1736 670 1790 consulis
688 1736 852 1805 amphoram.

229 1811 257 1866 N
258 1829 289 1865 os
307 1811 478 1864 cantabimus
495 1811 610 1866 invicem

265 1887 427 1954 Neptunum
444 1890 474 1940 et
491 1887 593 1941 virides
610 1886 766 1940 Nereidum
783 1902 873 1941 comas
882 1909 891 1954 3
919 1904 944 1944 ιο

230 1962 272 2016 Τιι
288 1978 371 2016 curva
387 1961 491 2016 recines
508 1961 566 2030 lyra
830 2019 834 2028 ,
988 1975 989 1982 “

264 2037 398 2092 Latonam
416 2041 445 2106 et
462 2037 558 2091 celeris
577 2037 680 2106 spicula
698 2038 846 2106 Cynthiae3

231 2111 342 2168 Summo
360 2113 478 2167 carmine
496 2129 568 2181 quae
587 2113 695 2167 Gnidon
988 2131 989 2166 3

265 2188 469 2255 Fulgentesque
486 2191 566 2241 tenet
584 2187 715 2257 Cycladas
732 2192 762 2242 et
779 2188 891 2257 Paphon
988 2189 989 2246 ]

231 2263 343 2317 Junctis
360 2263 424 2316 visit
441 2262 578 2328 oloribus;
917 2278 941 2319 1⁵
988 2255 989 2342 J

264 2337 379 2391 Dicetur
396 2337 496 2391 merita
512 2338 576 2392 Nox
593 2355 702 2408 quoque
718 2339 805 2394 nenia
988 2345 989 2352 ’

466 2485 573 2543 XXIX.

231 2567 390 2622 'Iraannra
406 2585 504 2636 regum
520 2571 671 2639 progenies,
685 2569 738 2624 tibi

231 2643 294 2698 Non
311 2647 377 2697 ante
394 2659 473 2697 verso
490 2644 552 2698 lene
569 2662 675 2700 merum
692 2646 761 2700 cado

265 2719 335 2773 Oum
352 2718 426 2786 flore,
445 2719 596 2788 Maecenas,
614 2737 737 2776 rosarum
754 2724 784 2777 et

300 2794 400 2848 Pressa
417 2794 472 2848 tuis
489 2795 602 2850 balanus
619 2798 723 2866 eapiIIIs
988 2853 989 2870 p

229 2868 400 2924 Iamdudum
417 2871 491 2938 apud
508 2888 552 2925 me
570 2876 618 2926 est.
643 2873 727 2942 Eripe
745 2877 775 2927 te
792 2870 896 2937 morae}
921 2885 936 2927 s
988 2871 989 2940 i

229 2943 274 2998 Ne
292 2961 400 3013 semper
416 2945 501 2998 udum
519 2947 603 3000 Tibur
620 2952 649 3001 et
667 2950 787 3002 Aesulae
988 2943 989 2960 ¹

264 3019 377 3072 Declive
394 3021 585 3088 contemplans
602 3039 698 3076 arvum
715 3028 745 3076 ct

299 3093 427 3161 Telegoni
439 3094 509 3160 juga
524 3097 684 3163 parricidae.
