2044 3416
113 93 158 144 174
383 89 535 140 HORATII
552 91 682 141 FLAGOI

110 170 235 226 Caesaris
252 169 357 238 accepit
373 171 487 237 genibus
504 171 607 235 minen
627 187 710 226 aurea
726 171 822 240 fruges

111 246 208 301 Italiae
225 246 305 316 pleno
322 245 449 300 defundit
467 243 551 314 Copia
568 262 658 301 cornu

495 387 579 443 mu.
602 452 604 456 ,

109 467 153 523 Ur
170 469 386 538 proficiscentem
404 469 484 524 docui
500 473 530 524 te
548 487 629 540 saepe
647 469 750 541 diuque

109 544 236 613 Augusto
253 545 353 600 reddes
370 545 477 614 signata
493 545 637 614 volumina,
656 546 728 615 Vini,
747 571 752 584 ·

109 618 138 672 si
156 621 268 690 validus,
286 622 309 674 si
327 622 416 677 laetus
433 622 493 690 erit,
512 621 535 674 si
553 621 670 690 denique
687 626 797 690 poscet3

108 693 152 748 Ne
170 696 261 750 studio
278 697 364 750 nostri
381 713 476 766 pecces
493 697 643 765 odiumque
659 697 758 752 libellis

108 769 225 824 Sedulus
241 771 372 839 importes
389 789 472 841 opera
488 772 650 827 vehemente
667 773 797 830 minister.
982 799 1001 839 5

108 843 137 900 Si
155 851 184 901 te
201 847 273 901 forte
290 864 366 901 meae
382 849 473 916 gravis
490 852 553 902 uret
571 849 676 902 sarcina
692 849 810 919 chartae,

107 921 229 990 Abjicito
246 923 337 991 potius
355 940 437 991 quam
455 940 509 992 quo
526 925 647 992 perferre
660 924 767 993 juberis

108 997 230 1052 Clitellas
247 999 322 1052 serus
338 998 479 1068 impingas,
498 1000 656 1069 Asinaeque
672 1004 815 1069 paternum

108 1073 262 1142 Ooguomen
279 1078 371 1128 vertas
388 1077 417 1128 in
434 1076 519 1128 risum
537 1079 566 1129 et
583 1075 675 1129 fabula
691 1076 748 1130 fias.

107 1149 220 1204 Viribus
238 1150 324 1204 uteris
341 1166 390 1219 per
407 1150 497 1218 clivos,
515 1150 633 1217 flumina,
651 1151 753 1218 lamss;
961 1175 990 1214 ιο

107 1224 203 1279 Victor
220 1226 352 1296 propositi
370 1226 450 1279 simul
467 1243 499 1279 ac
515 1226 671 1294 perveneris
688 1227 758 1295 illuc,

107 1301 152 1355 Sic
169 1302 287 1369 positum
305 1301 428 1356 servabis
445 1318 520 1370 onus,
537 1319 572 1355 ne
590 1302 661 1357 forte
679 1302 730 1357 sub
748 1302 791 1358 ala

106 1376 276 1431 Fasciculum
293 1381 386 1446 portes
402 1377 541 1445 librorum,
559 1381 591 1432 ut
607 1378 725 1432 rusticus
742 1395 850 1448 agnum,

105 1451 147 1505 Ut
163 1453 255 1506 vinosa
272 1454 378 1521 glomus
395 1453 513 1506 furtivae
532 1453 645 1522 Pyrrhia
661 1453 747 1523 lanae,

105 1526 147 1581 Ut
164 1544 225 1582 eum
242 1529 340 1596 pileolo
358 1528 444 1582 soleas
462 1530 573 1582 conviva
589 1528 705 1584 tribulis.

105 1600 132 1657 N
134 1619 150 1656 e
166 1602 246 1671 vulgo
263 1619 358 1657 narres
375 1607 404 1658 te
422 1604 561 1658 sudavisse
578 1604 689 1658 ferendo

106 1677 240 1746 Carmina,
259 1694 328 1746 quae
346 1679 451 1748 possint
468 1680 558 1733 oculos
576 1697 711 1748 auresque
728 1679 827 1735 morari

106 1753 243 1817 Caesaris3
261 1758 353 1806 oratus
370 1755 457 1807 multa
473 1772 554 1822 prece
570 1756 659 1808 nitere
675 1771 763 1823 porro

104 1827 192 1896 Vade,
208 1826 276 1894 vale,
294 1843 359 1882 cave
375 1843 411 1881 ne
429 1829 532 1884 titubes
549 1830 731 1899 mandataque
750 1830 865 1899 frangas

488 1971 568 2028 XIV.

104 2054 223 2110 Vmurcu
241 2054 368 2110 silvarum
386 2054 499 2110 etmihi
516 2071 560 2108 me
577 2054 719 2109 reddentis
736 2055 824 2125 agelli,

105 2129 192 2194 Quem
209 2136 241 2185 tu
257 2131 366 2184 fastidis
383 2129 536 2184 habitatum
554 2131 674 2200 quinque
691 2131 758 2184 focis
776 2135 806 2185 et

104 2206 229 2275 Quinque
246 2205 331 2259 bonos
348 2207 458 2260 solitum
476 2206 588 2259 Variam
606 2207 746 2260 dimittere
762 2210 862 2275 patres,

104 2281 247 2335 Certemus
264 2282 354 2350 spinas
371 2282 494 2334 animone
512 2298 562 2348 ego
579 2281 676 2334 fortius
693 2299 728 2336 an
745 2285 776 2335 tu

103 2355 212 2410 Evellas
228 2372 301 2422 agro,
319 2360 349 2410 et
366 2357 460 2409 melior
478 2357 515 2409 sit
533 2357 665 2410 Horatius
683 2375 718 2410 an
735 2374 786 2413 res
944 2379 962 2419 5

102 2431 150 2488 Me
168 2432 291 2502 quumvis
309 2431 420 2485 Lamiae
437 2432 524 2500 pietus
542 2435 572 2485 et
589 2449 654 2485 eura
670 2437 791 2486 moratur

103 2507 229 2563 Fratrem
247 2508 401 2576 maerentis,
418 2511 497 2575 rapto
514 2508 550 2561 de
566 2509 652 2562 fratre
670 2508 786 2562 dolentis

102 2584 292 2653 Insolabiliter‚
310 2588 401 2638 tamen
419 2583 489 2636 istuc
506 2601 582 2637 mens
599 2584 757 2652 animusque
787 2633 791 2640 .

102 2659 170 2714 Fert
187 2665 217 2715 et
233 2663 307 2714 amat
324 2659 418 2729 spatiis
435 2659 571 2712 obstantia
588 2675 714 2728 rumpere
731 2659 855 2716 claustra

101 2733 177 2788 Rure
195 2752 244 2804 ego
262 2736 405 2801 viventem,
423 2737 455 2788 tu
473 2734 540 2787 dieis
557 2735 585 2787 in
602 2735 670 2788 urbe
687 2733 812 2790 beatum:
930 2753 955 2796 ro

101 2810 151 2864 Cui
169 2811 257 2879 placet
275 2810 386 2865 alterius
404 2827 452 2864 sua
469 2811 596 2862 nimiruum
614 2813 658 2864 est
675 2811 737 2864 odio
754 2827 819 2865 sors.

100 2883 206 2938 Stultus
224 2889 339 2954 uterque
357 2885 444 2938 locum
462 2885 628 2938 immeritum
646 2890 772 2940 causatur
788 2885 896 2954 inique:

100 2957 134 3008 In
152 2960 230 3025 eulpa
247 2965 291 3012 est
308 2962 419 3026 animus,
438 2961 484 3026 qui
502 2977 532 3012 se
550 2977 602 3013 non
622 2961 717 3028 effugit
733 2977 861 3030 unquam.

99 3028 141 3079 Tu
158 3033 333 3084 mediastinus
352 3035 435 3084 tacita
452 3051 532 3098 prece
549 3051 613 3087 rura
630 3035 751 3102 petebas,

99 3099 179 3151 Nune
195 3103 290 3154 urbem
307 3109 337 3155 et
354 3105 432 3155 ludos
450 3109 479 3157 et
497 3107 593 3160 balnea
610 3109 715 3164 villicus
732 3113 825 3178 optem
925 3127 952 3169 ιε
