2044 3416
109 135 154 183 166
384 133 539 182 ΗΟΕΑΤΙΙ
557 134 687 182 FLAGCI

106 210 148 265 'lu
166 213 266 280 quotus
284 224 345 265 esso
362 211 430 265 velis
448 211 575 281 rescribe,
594 212 724 267 atrebas
741 211 847 268 omissis
972 235 1007 276 30

108 284 189 341 Atria
207 287 361 341 servantem
379 287 483 356 postico
500 285 565 342 falle
582 285 718 344 clientem.

517 439 567 495 VI.

109 531 165 586 Νη
184 531 313 586 admirari
331 547 417 602 prope
434 547 481 586 res
499 535 620 602 estune,
638 531 755 600 Numici,

110 608 227 675 Solaque
245 624 314 676 quae
332 608 418 675 possit
436 607 526 662 facere
544 610 573 661 ct
591 622 702 660 servare
719 607 838 664 beatum.

111 681 192 734 Hunc
210 680 295 734 solem
313 681 342 735 et
360 682 452 735 stellas
470 684 500 737 et
518 680 680 736 decedentia
697 684 781 736 certis

110 756 243 825 Tempora
261 758 406 810 momentis
424 761 488 812 sunt
506 757 554 825 qui
572 756 715 811 formidine
733 757 808 811 nulla

111 826 214 885 Imbuti
232 835 369 900 spectent:
388 833 455 900 quid
473 849 568 888 censos
584 847 698 886 munera
714 835 813 900 terroe,
981 852 999 894 5

110 905 184 970 Quid
199 905 281 961 maris
299 909 438 961 ext-remos
458 908 565 962 Arabas
583 908 698 975 ditbntis
715 910 746 962 et
764 908 857 977 Indos,

110 981 228 1037 Ludicra
246 983 320 1052 quid,
339 983 449 1052 plausus
467 988 496 1038 et
511 983 592 1037 'amici
611 983 682 1037 dona
703 981 824 1051 Quiritis,

110 1056 170 1121 Quo
192 1058 341 1128 spectanda
358 1058 446 1127 modo,
464 1075 518 1126 quo
537 1075 618 1113 sensu
635 1058 724 1112 credis
741 1062 770 1112 et
787 1056 854 1113 orel

111 1131 163 1199 Qui
181 1132 261 1189 timet
278 1133 322 1188 his
339 1135 454 1188 adversa
471 1136 531 1188 fere
548 1135 664 1188 miratur
682 1135 779 1188 ecdem

110 1209 170 1274 Quo
187 1211 299 1280 cupiens
316 1214 410 1279 puoto;
427 1225 511 1278 pavor
528 1214 571 1264 cst
589 1209 734 1278 utrobique
751 1209 886 1264 molestus
962 1230 991 1270 ro

111 1285 263 1354 Improvisa
280 1284 361 1339 simul
380 1286 484 1355 species
502 1287 626 1340 exterret
647 1289 801 1354 utrumque.

109 1361 235 1416 Gaudeat
252 1379 287 1416 an
306 1362 404 1430 doleat,
423 1361 515 1431 cupiat
532 1364 682 1429 metuatne,
701 1362 768 1430 quid
785 1360 822 1414 ad
838 1377 911 1432 rom,

109 1435 139 1490 Si
157 1437 292 1506 quidquid
311 1437 381 1492 vidit
398 1437 497 1492 melius
515 1437 629 1507 pejusve
648 1453 697 1491 sue
714 1453 762 1506 spe
845 1432 849 1438 ’

108 1510 214 1566 Dcfixis
231 1514 315 1567 oculis
332 1513 476 1582 animoque
494 1517 523 1567 et
539 1523 653 1582 corporo
670 1511 781 1582 torpeti

109 1587 202 1642 Insani
221 1589 329 1658 sapiens
346 1606 444 1643 nomeu
461 1589 541 1656 serat,
560 1604 663 1658 aequus
681 1587 776 1657 iniqui,
960 1609 989 1650 15

110 1661 189 1717 Ultra
207 1681 288 1734 quarn
306 1665 372 1718 sotis
390 1668 433 1718 cst
450 1665 580 1720 virtutem
596 1664 619 1718 si
637 1660 715 1733 petat
732 1665 824 1732 ipsum.

108 1737 123 1791 I
141 1748 219 1806 nunc,
237 1744 382 1807 argentum
400 1744 430 1794 ct
447 1757 566 1794 marmor
582 1744 662 1794 vetus
679 1756 797 1808 aeraque
814 1743 844 1792 et
861 1743 952 1797 artes

108 1807 227 1882 Suspice,
245 1831 307 1868 eum
325 1816 440 1882 gemnris
458 1816 551 1883 Tyrios
568 1815 668 1870 mirare
687 1816 805 1881 colores;

108 1889 204 1944 Gaude
222 1890 296 1958 quod
313 1894 439 1958 spectent
456 1891 526 1946 oculi
543 1894 572 1946 te
590 1890 664 1945 mille
681 1891 854 1960 loquentem

107 1965 134 2018 N
135 1981 201 2019 avus
218 1980 298 2019 mane
315 1965 405 2019 forum
422 1969 451 2020 ct
468 1967 640 2036 vespertinus
657 1970 722 2036 pete
740 1971 852 2034 tectum,
953 1987 982 2027 so

106 2038 133 2092 N
135 2057 151 2094 c
167 2039 228 2109 plus
244 2040 377 2096 frumenti
395 2041 533 2096 dotalibus
550 2045 654 2096 emetat
671 2043 743 2111 agris

108 2115 203 2170 Mutus
222 2120 258 2184 et,
276 2117 418 2185 indignum
437 2118 511 2186 quod
529 2117 573 2185 sit,
590 2117 731 2187 pejoribus
749 2119 826 2171 ortus

107 2190 162 2245 Hic
178 2192 230 2246 tibi
248 2193 285 2246 sit
301 2193 392 2261 potius
410 2209 492 2262 quam
509 2197 542 2248 tu
559 2193 692 2247 mirabilis
710 2193 757 2247 illi.

107 2267 249 2335 Quidquid
268 2267 319 2320 sub
337 2272 413 2321 terra
431 2272 474 2322 ost
491 2269 519 2322 in
537 2269 659 2338 apricum
676 2269 798 2338 proferet
815 2268 911 2336 aetes3
1016 2287 1017 2290 ’

105 2340 235 2395 Deiodiet
253 2342 406 2410 condetque
423 2343 547 2399 nitentia
583 2344 656 2398 (ium
671 2344 741 2398 benc
760 2346 856 2397 notum
944 2361 972 2402 ες

106 2415 232 2472 Porticus
252 2418 392 2487 Agrippae
410 2421 440 2472 ct
456 2419 501 2473 via
518 2423 547 2474 te
565 2420 735 2489 conspexerit
753 2419 835 2488 Appi,

106 2491 153 2548 Ire
169 2496 263 2547 tauwn
282 2496 369 2547 restet
387 2493 479 2548 Numa
496 2511 551 2564 quo
569 2495 680 2550 devenit
697 2499 727 2549 et
745 2497 846 2548 Ancus

105 2568 135 2622 si
152 2568 225 2625 latus
243 2573 292 2624 aut
309 2585 389 2622 rencs
407 2570 502 2624 morbo
522 2574 665 2626 tcutantur
682 2573 763 2625 acuto

106 2643 214 2707 Quaere
231 2645 323 2713 fugam
342 2644 436 2699 morbi.
472 2645 523 2699 Vis
540 2650 616 2700 recte
633 2647 738 2701 vivero:
757 2646 818 2715 quis
835 2647 915 2701 uon'l

104 2717 134 2772 Si
151 2719 238 2774 virtus
255 2719 306 2773 boc
324 2737 379 2774 una
395 2724 488 2788 potest
505 2721 580 2795 dere,
598 2723 678 2776 fortis
696 2722 802 2775 omissis
891 2722 894 2729 '
940 2739 967 2778 eo
1014 2761 1015 2797 ;

104 2792 166 2847 Hoc
182 2811 233 2863 ago
251 2794 363 2852 deliciis.
399 2796 540 2852 Virtutem
557 2797 641 2855 verba
658 2802 740 2866 putes
757 2799 787 2850 ct

103 2867 208 2923 Lucum
225 2869 312 2936 ligna:
331 2889 396 2926 cave
413 2889 448 2928 ue
465 2876 561 2942 portus
578 2878 693 2942 occupet
710 2874 798 2938 alter„

104 2943 148 2996 Ne
166 2944 327 3015 Cibyratica,
345 2963 381 2999 no
400 2947 519 3015 Bithyna
536 2949 645 3016 negotia
661 2949 777 3018 perdes3
1013 2975 1014 3019 ξ

104 3015 181 3068 Mille
198 3017 302 3070 talenta
318 3021 509 3089 rotundeutur,
527 3023 644 3076 totidem
662 3025 757 3091 altera,
775 3039 857 3092 porro
875 3025 907 3078 et

104 3087 196 3139 Tertia
213 3090 358 3144 succedant
376 3097 405 3146 et
422 3110 493 3160 quoe
509 3113 573 3162 pars
591 3099 709 3166 quadrat
726 3114 862 3154 acervum.
936 3114 961 3156 ³5

104 3158 212 3212 Scilicet
228 3175 340 3215 uxorem
356 3181 418 3218 oum
435 3167 501 3221 dote
518 3171 657 3240 iidemque
674 3176 705 3227 et
721 3173 821 3228 amicos
