2036 3416
93 101 126 148 ΞΟ

346 99 498 149 HORA'l'II
517 99 646 148 FLAOOI

211 179 315 234 Doctus
333 181 446 248 sagittas
462 179 579 234 tendere
597 176 703 235 Sericas
1000 217 1001 220 ,

214 259 288 310 Arcu
304 258 433 324 paterno?
470 255 536 320 Quis
552 257 636 320 neget
652 253 746 308 arduis
902 271 928 312 ro
1002 313 1003 324 y

246 331 347 384 Pronos
364 330 450 384 relabi
467 347 546 398 posse
564 329 636 382 rivos
1002 335 1003 340 ’

279 405 420 460 Montibus
437 409 466 460 et
484 405 603 458 Tiberim
619 403 728 470 reverti,

213 480 281 534 (lum
297 485 330 535 tu
347 484 485 549 coemptos
502 480 623 548 undique
640 479 739 532 nobilis

213 555 307 608 Libros
326 556 439 614 Panaeti
458 555 623 610 Socraticam
640 557 670 608 et
688 554 798 608 domum

245 631 354 685 Mutare
371 631 462 686 loricis
481 631 594 684 Hiberis

280 705 419 760 Pollicitus
436 706 549 760 meliora
565 704 677 760 tendisl

213 930 236 984 Ο
255 931 358 995 Vnuus,
375 931 469 998 regina
487 931 567 986 Cnidi
586 930 735 1000 Paphique,

212 1006 316 1074 Sperne
334 1007 461 1060 dilectam
480 1007 593 1076 Cypron,
612 1011 641 1061 et
658 1005 778 1062 vocantis

213 1081 301 1134 Thure
318 1085 349 1136 te
364 1082 450 1136 multo
468 1081 599 1149 Glycerae
616 1082 742 1137 decoram

246 1157 374 1211 Transfer
391 1158 419 1210 in
437 1159 541 1211 aedem.

214 1230 347 1286 Fervidus
363 1236 455 1286 tecum
472 1249 542 1300 puer
559 1234 588 1285 ot
606 1231 702 1286 solutis
907 1245 921 1286 o
1006 1265 1007 1298 i

213 1306 323 1361 Gratiae
340 1307 414 1360 zonis
431 1309 632 1376 properentque
650 1306 792 1375 Nymphae

213 1381 250 1436 Et
266 1399 362 1450 parum
380 1383 462 1436 comis
480 1383 537 1435 sine
555 1384 584 1436 te
602 1381 737 1436 luventas

246 1457 458 1528 Mercuriusque.

361 1567 366 1576 '
444 1597 550 1652 xxxa

212 1681 287 1745 Qum
304 1681 459 1736 dedicatum
476 1681 564 1750 poscit
582 1681 738 1750 Apollinem

212 1756 317 1810 Vatesl
336 1757 403 1824 quid
420 1761 480 1810 orat
498 1757 533 1810 de
550 1759 647 1826 patera
663 1774 763 1810 novum

246 1831 375 1884 Fundens
392 1831 543 1900 liquoreml
579 1831 641 1884 Non
659 1832 764 1900 opimae

281 1905 422 1959 Sardiniae
440 1910 546 1974 segetes
563 1906 674 1974 feraces,

220 1981 247 2034 N
248 1997 283 2034 on
300 1985 439 2034 aestuosae
456 1985 535 2048 grata
553 1981 693 2035 Calabriae
910 1996 923 2038 o

214 2058 355 2123 Armenta,
373 2073 426 2108 non
442 2072 538 2110 aurum
556 2059 604 2108 aut
617 2055 690 2125 ebur
708 2055 840 2125 Indicum,

245 2132 272 2184 N
274 2148 308 2184 on
326 2148 390 2184 rura
407 2148 477 2200 quae
495 2130 566 2184 Liris
584 2130 678 2198 quieta
860 2191 862 2196 ,

280 2206 393 2260 Mordet
410 2223 481 2274 aqua
498 2206 651 2260 taciturnus
668 2207 760 2274 amnis,

212 2280 342 2334 Premant
359 2281 459 2334 Calena
476 2280 545 2334 falce
563 2281 662 2349 quibus
680 2281 758 2336 dedit

212 2357 333 2410 Fortuna
350 2355 440 2422 vitem,
459 2355 535 2408 dium
552 2360 582 2409 et
599 2356 688 2410 aureis
900 2371 925 2412 lo

246 2430 384 2484 Mercator
401 2430 517 2484 exsiccet
535 2430 641 2484 culullis

280 2504 352 2558 Vina
370 2504 438 2574 Syra
455 2509 581 2574 reparata
598 2522 695 2573 merce,

211 2580 262 2635 Dis
279 2596 357 2634 carus
374 2580 447 2650 ipsis,
466 2581 567 2650 quippe
584 2584 629 2634 ter
645 2584 675 2635 et
692 2583 789 2650 quater

212 2657 293 2709 Anno
311 2656 432 2709 revisens
449 2673 551 2724 aequor
569 2656 739 2710 Atlanticum

245 2731 369 2799 Impune.
404 2731 450 2784 Me
469 2734 583 2800 pascunt
600 2731 693 2799 olivae,
900 2743 924 2784 1⁵

280 2806 327 2860 Me
344 2806 466 2860 cichorea
483 2807 609 2874 levesque
626 2807 738 2860 malvae.

212 2881 278 2935 Frui
295 2883 396 2950 paratis
414 2885 444 2934 et
461 2881 550 2934 valido
568 2881 641 2948 mihi,

212 2957 305 3023 Latos,
323 2958 406 3010 dones
424 2959 453 3010 ot
470 2973 567 3024 precor
584 2956 692 3025 integra

247 3031 316 3084 (lum
333 3035 433 3096 niente,
451 3047 501 3083 nec
517 3034 628 3099 turpem
646 3033 783 3086 senectam

280 3103 387 3169 Degere
403 3119 454 3156 nec
471 3104 576 3156 cithara
592 3109 738 3159 carentem.
896 3123 923 3164 ao
