2044 3416
315 85 572 138 EPIerLARUM
583 88 607 138 1.
621 90 660 138 19.
877 85 923 135 les

19 173 20 178 ’
56 169 193 238 Occupat
212 164 321 220 obscuri
339 167 465 236 speciem
482 167 634 222 taciturnus
652 167 749 224 acerbi
903 169 927 210 ⁹⁵

57 245 142 298 Inter
161 245 268 297 cuncta
284 242 358 310 leges
376 247 406 298 et
423 243 619 312 percontabere
637 243 739 309 doctos,

58 321 123 383 Qua
140 318 257 372 ratione
275 334 359 385 queas
376 319 522 373 traducere
539 319 639 372 leniter
656 334 768 384 aarum

58 396 139 448 Num
158 397 194 448 te
211 409 321 462 semper
338 394 417 462 inops
435 394 522 462 agitet
539 397 675 463 vexetque
692 393 800 462 cupido,

58 471 139 524 Num
159 485 251 538 pavor
267 471 297 522 et
314 485 406 523 rerum
424 469 599 524 mediocriter
615 469 725 524 utilium
743 485 820 538 spes3

60 546 215 598 Virtutem
233 543 358 598 doctrina
374 549 462 613 paret,
480 549 614 600 naturane
632 545 732 609 donet;
895 559 927 597 roo

60 621 141 685 Quid
160 619 271 672 minuat
287 636 373 685 curas,
392 621 459 689 quid
476 625 505 676 te
522 621 573 675 tibi
591 621 692 676 reddat
709 619 836 686 amicum3
854 631 857 638 '

61 695 141 760 Quid
159 711 233 764 pure
250 695 417 763 tranquillet,
434 696 519 750 honos
535 713 570 750 an
588 696 668 751 dulce
685 695 820 762 lucellum,

19 779 20 784 ’
62 775 112 824 An
132 773 274 823 secretum
291 769 345 823 lter
362 774 392 824 et
409 771 528 826 fallentis
546 773 644 826 semita
660 771 741 826 vitae.

61 848 115 900 Me
133 846 248 914 quoties
264 845 354 899 relisit
370 846 477 913 gelidus
495 847 625 916 Digentia
641 848 723 915 riuis,

63 923 159 986 Quem
180 919 311 974 Mandela
328 920 406 990 bibit,
423 939 538 990 rugosus
555 923 656 992 frigore
672 938 766 992 pagus,
892 933 926 976 ros

63 997 143 1062 Quid
163 996 268 1050 sentire
285 999 386 1065 putasl
410 999 478 1068 quid
495 999 591 1066 credis,
610 999 704 1067 amice,
720 996 847 1067 precarii

63 1074 113 1127 Sit
129 1072 202 1126 mihi
220 1073 294 1141 quod
311 1089 383 1126 nunc
400 1077 451 1140 est,
469 1074 552 1128 etiam
569 1075 672 1140 minus;
689 1072 802 1128 etmihi
819 1071 908 1126 vivam

65 1148 152 1214 Quod
171 1151 299 1216 superest
316 1148 384 1216 aeri,
402 1149 426 1203 si
443 1149 511 1218 quid
529 1165 670 1218 superesse
687 1149 783 1203 volunt
800 1147 843 1214 di;

64 1225 113 1279 sis
130 1223 207 1277 bona
223 1222 355 1276 librorum
372 1227 401 1278 et
418 1225 542 1293 provisae
558 1225 645 1293 frugis
661 1226 691 1280 in
709 1241 811 1278 annum

65 1301 167 1368 Copia,
185 1315 240 1351 neu
257 1299 362 1353 fluitem
379 1299 479 1354 dubiae
497 1316 545 1368 spe
562 1301 698 1371 pendulus
714 1301 804 1354 horae.
892 1314 926 1356 no

65 1374 127 1429 Sed
145 1374 216 1428 satis
234 1377 277 1428 est
294 1391 372 1428 orare
390 1374 487 1430 Jorem
506 1393 576 1446 quae
594 1376 679 1430 donat
697 1381 727 1432 et
743 1375 846 1430 aufert:

66 1451 128 1506 Det
146 1449 242 1520 vitam,
258 1449 307 1505 det
323 1467 397 1522 opes,
414 1467 531 1522 aequum
548 1452 586 1507 mi
604 1451 723 1508 nmmum
740 1451 800 1521 ipse
816 1448 925 1527 parabo.

465 1593 545 1649 XIX.

69 1677 179 1731 Perseo
198 1673 221 1728 si
239 1675 336 1743 credie,
355 1675 500 1731 Maecenas
518 1677 607 1746 docte,
624 1675 743 1745 cuano,

68 1752 160 1806 Nulla
177 1750 284 1819 plaeere
301 1751 350 1805 diu
367 1769 417 1806 nec
435 1752 527 1807 virere
544 1753 664 1806 carmina
680 1754 794 1820 possunt

69 1827 153 1892 Quae
172 1825 328 1881 scribuntur
345 1843 432 1895 equae
450 1828 598 1897 potoribus.
631 1829 672 1882 Ut
689 1828 759 1882 male
776 1841 855 1882 sonos

70 1901 235 1970 Adscripsit
253 1901 336 1955 Liber
354 1903 458 1971 Satyris
477 1903 632 1972 Faunisque
649 1907 744 1972 polites

69 1979 149 2032 Vina
166 1977 226 2030 fere
243 1976 336 2032 dulces
353 1978 480 2032 oluerunt
497 1995 576 2032 mane
594 1979 735 2032 Camenae.
904 2003 915 2044 5

70 2052 219 2108 Laudibus
236 2053 361 2121 arguitur
377 2054 434 2108 vini
450 2055 560 2109 vinosus
579 2054 728 2117 Homerus;

70 2129 183 2183 Ennius
199 2127 259 2196 ipse
275 2132 356 2198 pater
372 2145 510 2199 nunquam
527 2129 579 2183 nisi
596 2133 677 2198 potus
694 2127 734 2194 ad,
746 2142 822 2184 arma

71 2204 210 2259 Prosiluit
226 2203 350 2264 dicenda.
386 2205 510 2260 “Forum
527 2205 675 2274 putealqne
692 2203 805 2258 Libonis

71 2279 217 2334 Mandsbo
235 2279 319 2347 siccis,
338 2280 456 2334 adimam
473 2281 584 2334 eantare
601 2279 731 2334 severis:”

72 2357 140 2412 Hoc
159 2355 240 2408 simul
258 2355 331 2408 edixi
348 2372 403 2409 non
420 2371 559 2410 cessavere
576 2359 674 2425 poetae
907 2369 929 2409 ro

72 2431 221 2486 Noetruuo
238 2434 345 2484 certare
361 2447 444 2499 mero,
462 2434 559 2499 putere
578 2429 683 2484 diurno.

73 2507 161 2574 Quid,
179 2505 202 2558 si
220 2506 282 2575 quis
299 2506 377 2560 vultu
394 2511 472 2560 torro
489 2507 564 2560 ferus
581 2509 610 2561 et
626 2505 697 2574 pede
714 2504 789 2558 nudo

73 2583 259 2651 Exiguaeque
275 2585 356 2650 togae
374 2581 484 2636 simulet
501 2583 609 2635 textore
627 2581 766 2644 Catonem,

73 2657 257 2712 virtutemne
275 2659 464 2726 repraesentet
480 2671 624 2724 moresque
643 2653 771 2706 Catonisl

74 2732 169 2802 Rupit
187 2733 322 2786 Iarbitam
340 2733 494 2800 Timagenis
512 2730 618 2785 aemula
634 2728 734 2795 lingua,
907 2737 929 2778 15

73 2809 154 2863 Dum
173 2808 268 2862 studet
284 2808 405 2862 urbanus
422 2807 567 2875 tenditque
585 2805 705 2858 disertus
722 2801 824 2857 haberi.

75 2883 192 2952 Decipit
206 2884 346 2952 exemplar
363 2882 436 2938 vitiis
453 2881 601 2946 imitabile;
620 2878 718 2949 quodsi

19 3013 22 3022 ,
77 2957 217 3012 Pallersm
235 2975 299 3012 casu
315 2959 443 3012 biberent
461 2973 598 3024 exsangue
615 2955 756 3010 cuminum

77 3034 102 3088 Ο
122 3033 284 3103 imitatores,
302 3050 410 3088 servum
427 3049 518 3103 pecus,
536 3036 568 3086 ut
585 3031 652 3086 mihi
669 3044 750 3098 saepe

78 3107 180 3176 Bilem,
198 3125 279 3178 saepe
292 3109 387 3177 jocum
404 3108 489 3162 vestri
505 3123 615 3160 movere
632 3106 790 3161 tumultuet!
906 3109 928 3146 Ἢ
