2036 3416
389 91 542 140 HORATII
559 91 690 142 FLAOOI

254 172 382 239 Virgines
399 174 508 240 nuptae,
526 175 574 226 tun
591 189 626 226 ne
644 172 767 228 retardet

288 248 365 300 Aura
382 247 502 302 maritos.

516 391 564 446 IX.

254 474 316 528 Nou
334 489 440 542 semper
457 473 559 528 imbres
576 474 694 528 nubibus
711 475 830 544 hispidos

254 549 368 604 Manaut
384 551 413 602 in
431 566 510 617 agros
527 553 576 602 aut
592 567 667 604 mare
686 551 812 618 Caspium

288 625 398 680 Vexent
415 625 571 693 inaequales
587 626 720 695 procellae

322 701 424 768 Usque,
441 717 491 754 uec
510 701 647 754 Armeniis
664 701 693 754 in
710 702 770 772 oris,

255 775 351 830 Amice
369 775 458 843 Valgi,
475 779 532 830 stat
550 777 649 844 glacies
666 776 739 830 iners

254 851 362 905 Menses
379 869 429 920 per
446 868 539 906 omnes
556 856 605 906 aut
623 851 805 921 Aquilonibus

288 926 423 991 Querceta
441 927 560 994 Gargani
577 927 701 982 laborant

323 1002 360 1056 Et
376 1003 447 1056 foliis
464 1003 612 1056 viduantur
628 1004 703 1058 orni:

253 1077 295 1131 'lu
313 1094 419 1148 semper
436 1095 518 1146 urges
535 1079 671 1132 flebilibus
687 1078 774 1132 modis
841 1109 844 1114 ·
907 1100 913 1104 ·

254 1153 363 1223 Mysten
380 1154 545 1222 ademptum,
563 1171 614 1208 nee
630 1154 682 1208 tibi
701 1155 823 1224 Vespero

287 1230 423 1298 Surgente
440 1229 577 1284 decedunt
594 1247 699 1284 amores

321 1306 381 1360 Nec
397 1305 523 1374 rapidum
540 1305 661 1374 fugiente
679 1305 775 1361 Solem.

255 1380 295 1434 At
311 1397 365 1434 non
382 1385 427 1434 ter
443 1398 510 1435 aevo
527 1381 636 1435 functus
652 1381 794 1436 amabilem

254 1455 374 1510 Ploravit
391 1473 484 1510 omnes
502 1455 677 1510 Antilochum
695 1473 778 1510 senes

288 1531 390 1598 Annos,
407 1522 457 1585 nde
473 1530 611 1598 impubem
628 1535 756 1600 parentes
866 1591 868 1595 ,

321 1605 431 1658 Troilon
447 1608 496 1658 aut
514 1605 646 1673 Phrygiae
664 1623 769 1661 sorores

253 1678 367 1734 Flevere
383 1697 498 1750 semper.
533 1679 634 1735 Desine
650 1682 771 1736 mollium

252 1754 373 1808 Tarrdem
391 1756 571 1825 querelarum,
590 1759 619 1812 et
635 1756 725 1826 potius
742 1773 811 1812 nora

287 1829 434 1882 Cantemus
453 1830 572 1898 Augusti
589 1835 702 1900 tropaea

322 1904 444 1958 Caesada
461 1909 491 1960 et
507 1905 626 1974 rigidum
644 1908 792 1977 Niphaten,

252 1979 420 2050 Medumque
436 1981 536 2035 fiumen
553 1982 681 2050 gentibus
698 1983 821 2038 additum

252 2054 340 2110 Victis
357 2055 475 2110 minores
491 2057 599 2110 volvere
616 2058 738 2126 vertices,

286 2131 418 2200 Intraque
435 2131 631 2200 praescriptum
649 2134 766 2188 Gelonos

320 2206 432 2274 Exiguis
450 2206 573 2274 equitare
589 2208 696 2276 campis.
799 2205 803 2213 '

519 2347 554 2402 X.

251 2431 371 2485 Rncrrus
387 2431 468 2498 vives,
488 2431 581 2500 Licini,
598 2448 687 2502 neque
704 2431 801 2494 altum¹

251 2506 365 2575 Semper
381 2507 504 2575 urgendo
521 2524 617 2576 neque,
636 2508 701 2561 dum
718 2507 849 2576 procellas

250 2581 355 2636 Cautus
371 2583 511 2652 horrescis,
528 2583 641 2636 nimium
658 2583 807 2652 premendo

284 2657 362 2712 Litus
379 2658 508 2726 iniquum.

250 2735 371 2788 Auream
389 2734 511 2803 quisquis
529 2733 744 2789 mediocritatem

205 2845 207 2850 -
249 2809 347 2878 Diligit
364 2813 441 2864 tutus
459 2813 534 2864 earet
551 2809 666 2864 obsoleti

249 2884 380 2939 Sordibus
397 2885 471 2954 tecti,
488 2889 564 2940 caret
580 2885 727 2940 invidenda

284 2959 396 3013 Sobrius
414 2961 481 3013 aula.

249 3031 363 3098 Saepius
380 3036 469 3086 ventis
487 3034 607 3102 agitatur
624 3035 719 3102 ingens

251 3103 335 3156 Pinus
352 3110 382 3157 ct
399 3107 487 3158 celsae
504 3107 627 3172 graviore
644 3123 709 3160 casu

951 2752 965 2793 t
