2044 3416
320 95 576 145 EPISTULARUM
592 97 614 147 I.
635 99 660 148 3.
868 99 915 147 163

54 175 104 230 llst
122 175 252 229 animum
271 173 364 228 differs
382 175 495 228 curandi
512 178 622 245 tempus
639 176 667 228 in
686 177 806 230 annum?

53 248 211 304 Dimidium
228 250 294 304 facti
305 251 358 326 qui
377 251 466 324 coepit
483 251 582 317 liabet;
600 268 695 319 sapere
713 253 799 318 audc;
891 267 913 310 re

54 326 160 396 Incipe.
201 325 254 390 Qui
272 329 347 380 recte
364 325 474 380 vivendi
491 331 620 396 prorogat
637 326 732 380 horam

53 401 192 455 Rusticus
210 405 352 468 exspectat
370 401 436 455 dum
455 401 559 458 defluat
575 403 678 468 amnis;
695 406 725 457 at
742 403 788 458 ille

52 476 174 531 Labitur
193 480 223 530 et
240 475 351 530 labetur
367 477 396 530 in
414 494 494 531 omne
512 477 637 532 volubilis
655 494 759 532 aerum.

53 551 208 615 Quaeritur
225 555 370 620 argentum
388 553 536 622 puerisque
553 553 634 608 beata
651 553 777 608 creandis

53 628 142 695 Uxor,
163 631 195 681 et
212 627 333 682 incultae
349 631 483 697 pacantur
500 645 609 683 vomere
627 629 725 684 silvae:
889 641 917 680 ra

54 703 136 767 Quod
155 703 226 756 satis
243 706 287 757 cst
304 704 347 756 eui
364 705 496 772 contingit
513 703 581 757 nihil
599 704 714 774 amplius
732 708 817 775 optet.

53 780 78 832 N
80 796 118 832 on
138 779 240 832 domus
257 782 287 832 et
303 778 411 847 fundus,
429 797 484 832 nou
501 780 572 833 acris
589 796 702 834 acervus
719 783 748 835 et
764 779 823 835 auri

54 858 185 922 Aegroto
203 854 307 907 domini
325 853 442 910 deduxit
462 871 574 924 corpore
591 855 690 923 febres,

54 930 119 984 Non
137 930 232 984 auimo
249 947 335 984 curas.
371 930 470 986 Valeat
487 947 627 1000 possessor
644 933 754 1000 oportet

54 1006 82 1060 Si
102 1007 284 1074 comportatis
301 1005 383 1060 rebus
399 1005 471 1060 bene
488 1007 591 1073 cogitat
607 1006 656 1060 611.
891 1019 915 1060 to

55 1082 110 1146 Qui
129 1081 210 1149 cupit
228 1085 276 1135 aut
293 1083 392 1136 metuit
405 1081 486 1150 juvat
503 1082 580 1135 illum
599 1081 639 1135 sic
656 1080 752 1136 domus
770 1084 800 1136 et
817 1096 861 1134 res

54 1157 96 1211 Ut
114 1157 226 1226 lippum
243 1157 333 1226 pictae
351 1157 468 1225 tabulae,
486 1157 608 1210 fomenta
624 1156 781 1225 podagram,

56 1232 208 1286 Auriculas
226 1233 348 1286 citharae
365 1234 478 1287 collecta
495 1232 576 1286 sorde
595 1231 725 1287 dolentes.

55 1308 205 1362 Sincerum
224 1311 267 1362 est
284 1309 337 1362 nisi
353 1325 400 1363 vas
418 1308 600 1378 quodcunque
618 1306 739 1362 infundis
755 1308 862 1363 acescit.

55 1385 168 1452 Sperne
184 1383 346 1453 voluptates,
362 1391 443 1438 nocet
462 1387 554 1454 empta
572 1382 665 1437 dolore
684 1383 816 1452 voluptas.
892 1397 916 1438 5⁵

57 1461 180 1528 Semper
198 1476 294 1512 avonis
312 1463 387 1534 eget:
404 1464 510 1514 certum
528 1461 591 1513 voto
608 1463 674 1528 pete
691 1459 782 1514 finem.

56 1535 179 1588 Invidus
197 1533 309 1588 alterius
328 1535 470 1589 macrescit
487 1535 570 1589 rebus
588 1535 684 1604 opimis
690 1554 698 1600 ;
792 1535 794 1539 '

56 1610 174 1664 Invidia
190 1610 273 1664 Siculi
291 1627 346 1664 non
364 1613 492 1666 invenere
509 1611 618 1680 tyranni

55 1685 157 1753 Majus
174 1687 350 1740 tormentum.
387 1687 440 1752 Qui
458 1703 512 1740 non
530 1684 718 1740 moderabitur
735 1685 793 1739 irae

57 1761 204 1815 Infectum
221 1761 295 1815 volet
312 1778 372 1816 6666
390 1763 468 1816 dolor
485 1763 560 1832 quod
577 1763 694 1816 suaserit
712 1765 742 1816 et
759 1777 844 1828 mens,
892 1777 916 1816 66

56 1837 137 1890 Dum
155 1852 258 1904 poenas
277 1837 339 1891 odio
357 1854 407 1907 per
424 1839 479 1891 rim
496 1838 609 1891 festinat
628 1837 722 1892 inulto.

56 1913 110 1966 Ira
127 1911 207 1965 furor
223 1911 315 1965 brevis
333 1916 388 1968 est:
406 1914 526 1966 animum
544 1929 618 1981 rege,
636 1913 682 1981 qui
699 1911 752 1966 6161
769 1916 847 1981 paret

57 1989 206 2057 Imperat;
223 1987 295 2041 hunc
311 1987 404 2058 frenis,
421 1989 492 2042 hunc
509 1994 542 2042 tu
559 2003 700 2057 compesce
717 1992 821 2044 catena

56 2063 160 2132 Fingit
177 2080 278 2132 equum
295 2067 392 2118 tenera
410 2064 525 2118 docilem
543 2063 647 2117 cervice
664 2063 795 2130 magister

56 2140 110 2193 Ire
132 2138 206 2192 viam
224 2156 279 2207 qua
295 2144 431 2194 monstret
448 2157 546 2209 eques;
564 2139 712 2205 venaticus,
729 2155 764 2192 ex
781 2154 836 2208 quo
892 2146 915 2188 ⁶⁵

56 2215 202 2284 Tempore
219 2215 354 2268 cervinam
371 2215 471 2284 pellem
488 2215 598 2270 latravit
616 2215 644 2268 in
661 2213 730 2282 aula,

56 2290 169 2346 Militat
183 2290 212 2343 16
230 2289 305 2344 611116
322 2291 437 2344 catulus.
472 2289 498 2344 N
500 2306 552 2344 unc
569 2289 669 2345 adbibe
686 2306 757 2359 puro

56 2367 180 2421 Pectore
198 2365 289 2435 verba,
306 2383 382 2436 puer,
400 2369 519 2420 666616
536 2365 693 2420 melioribus
711 2366 785 2422 offer.

56 2442 124 2506 Quo
143 2441 230 2495 semel
247 2445 292 2496 est
309 2443 416 2496 imbuta
433 2458 529 2496 166666
547 2441 666 2496 servabit
684 2441 796 2496 odorem

56 2518 148 2572 Testa
165 2517 222 2570 diu
257 2517 360 2582 Quodsi
377 2533 468 2572 cessas
485 2520 533 2570 aut
551 2521 677 2570 strenuus
694 2516 790 2582 anteis,
894 2529 919 2573 16

56 2593 88 2647 N
88 2609 122 2648 cc
140 2591 253 2647 tardum
270 2593 397 2663 opperior
414 2608 464 2647 nec
480 2590 709 2661 praecedentibus
724 2591 803 2645 16616.

465 2731 523 2788 ΙΙΙ.

56 2821 81 2876 J
82 2835 134 2876 ura
153 2820 242 2889 Flore,
261 2819 361 2890 quibus
378 2823 515 2876 terrarum
531 2820 632 2876 militet
650 2817 705 2874 oris

59 2895 198 2950 Claudius
216 2896 337 2963 Augusti
355 2896 495 2964 privignus
513 2897 583 2949 scire
600 2895 700 2949 laboro.

59 2971 207 3026 Thracane
224 2987 273 3024 vos
293 2971 459 3040 Hebrusque
477 2971 559 3024 nivali
577 2970 708 3039 compede
725 2969 838 3040 vinctus,

61 3051 113 3102 Au
131 3046 205 3101 freta
222 3047 324 3101 vicinas
341 3047 415 3100 inter
432 3046 571 3100 currentia
589 3049 688 3113 turrea,

61 3125 112 3176 An
122 3122 246 3242 lpingues
265 3123 349 3176 Asiae
367 3121 456 3192 campi
473 3121 609 3189 collesque
626 3123 784 3177 morantur?
