2008 3416
98 95 144 146 144
370 95 524 144 HORA'I'II
541 96 671 146 FLACOI

97 175 193 230 Lautis
210 167 289 230 mane
307 193 390 232 senex
408 177 533 230 manibus
550 177 678 232 currebat
695 181 732 248 et,
750 179 895 235 ‘Unum-
929 211 933 216 -

97 252 170 315 Quid
182 255 239 306 tem
251 270 379 324 magnum
387 255 404 307 t’
417 253 661 320 addens—‘unum
672 271 717 309 me
734 258 838 326 surpite
852 257 957 332 morti,

96 325 148 381 Dis
165 329 266 382 etenim
284 329 363 382 facile
380 330 444 383 estt’
463 329 572 395 orabat3
591 345 673 383 sanus
691 331 816 400 utrisque

98 403 220 457 Auribus
238 410 322 474 atque
339 405 436 470 oculis3
453 407 582 473 mentem,
598 405 650 458 nisi
668 406 809 474 litigiosus,
912 425 958 466 2⁸5

97 477 244 549 Exciperet
257 481 382 534 dominus
396 497 457 534 cum
470 480 610 548 venderet.
646 481 707 534 Hoc
725 499 833 551 quoque
845 483 957 554 vulgus

98 554 263 626 Chrysippus
280 553 358 625 ponit
374 555 490 610 fecunda
507 557 535 609 in
552 560 636 624 gente
654 557 771 612 Meneni.

98 630 247 700 ‘Juppiter,
265 632 390 700 ingentes
408 633 456 700 qui
474 633 523 686 das
540 633 692 700 adimisque
710 633 831 702 dolores,'

98 705 189 760 Mater
206 709 246 761 eit
260 709 339 776 pueri
356 723 463 761 menses
476 708 536 776 jam
554 707 673 777 quinque
691 707 824 778 cubantis,
998 757 999 762 ,

98 781 223 849 ‘Frigida
240 783 263 836 si
280 799 395 852 puerum
413 787 546 851 quartana
562 783 711 851 reliquerit,
729 783 776 838 iilo
909 802 954 842 seo
978 832 982 837 .

98 855 180 910 Mane
198 857 243 910 die
261 875 314 927 quo
331 861 364 911 tu
380 858 478 911 indicis
491 858 598 926 J'ejunia
615 858 705 912 nudus

99 931 133 985 ln
151 932 241 987 Tiberi
259 933 357 988 stabit?
393 935 479 988 Casus
496 935 652 988 medicusve
669 935 766 989 levarit
849 964 853 971 ·

98 1009 220 1076 Aegrum
238 1026 273 1064 en
289 1010 439 1079 praecipiti,
457 1014 546 1064 mater
563 1010 650 1064 delira
666 1010 776 1065 necabit
804 1014 806 1020 '

98 1083 133 1136 In
149 1085 240 1152 gelide
257 1087 341 1139 fixum
358 1086 418 1154 ripa
434 1085 587 1154 febrimque
603 1085 732 1151 reducet3

99 1160 192 1223 Quone
209 1161 279 1215 malo
296 1165 415 1215 mentem
433 1163 577 1215 concussat
614 1161 721 1214 Timore
738 1161 897 1218 deorum—
909 1179 952 1220 aas

98 1235 174 1290 Haec
191 1237 257 1289 mihi
276 1237 430 1304 Stertinius,
448 1236 601 1304 sapientum
619 1239 736 1302 octavus,
754 1237 839 1291 amico

99 1311 185 1364 Arma
202 1311 287 1377 dedit,
304 1311 417 1381 posthac
434 1327 469 1364 ne
487 1312 666 1380 compellerer
682 1312 792 1366 inultus.

97 1385 206 1440 Dixerit
222 1387 347 1440 insanum
365 1387 412 1456 qui
429 1403 473 1440 me
490 1387 608 1442 totidem
624 1387 719 1442 audiet
737 1391 820 1457 atque

98 1459 244 1529 Respicere
260 1463 353 1529 ignoto
370 1462 458 1515 discet
474 1462 623 1530 pendentia
639 1463 741 1530 terg0.’'
846 1515 848 1518 .

97 1535 213 1606 “Stoice,
230 1542 292 1606 post
310 1538 439 1590 damnum
458 1537 496 1590 sic
513 1537 616 1591 vendas
633 1539 723 1590 omnia
742 1538 837 1607 piune,
904 1558 950 1601 ,eoo

98 1610 157 1675 Qua
172 1629 217 1666 me
235 1613 358 1680 stultitia,
377 1612 503 1680 quoniam
520 1627 574 1664 non
592 1615 635 1666 cst
650 1629 736 1680 genus
753 1630 843 1682 unum,

98 1685 221 1741 insanire
238 1689 335 1756 putes?
371 1687 509 1754 ligonem
527 1686 621 1741 videor
637 1687 705 1740 mihi
721 1690 827 1742 sanus?r
929 1729 952 1740 .,

98 1762 113 1788 “
118 1762 197 1830 Quid,
215 1766 297 1830 caput
314 1761 462 1814 abscissum
480 1762 592 1815 demens
609 1779 670 1815 cum
687 1767 780 1831 portat
798 1766 897 1834 Agave

98 1836 164 1891 Nati
180 1837 302 1904 infelicis,
321 1836 372 1890 sibi
390 1839 450 1890 tum
466 1837 569 1890 furiosa
586 1837 726 1892 videturi”

98 1913 238 1968 “Stultum
255 1929 299 1966 me
316 1912 509 1980 fatens-liceat
526 1913 675 1966 concedere
693 1913 770 1980 veris,
907 1933 949 1976 ωε
998 1951 999 1954 ¹

98 1989 192 2057 Atque
209 1987 291 2042 etiam
308 1987 446 2052 insenum;
463 1990 573 2040 tantum
591 1987 641 2040 hoc
659 1988 786 2056 edissere,
805 2005 859 2058 quo
876 2006 924 2046 me

97 2067 249 2132 Aegrotare
266 2067 347 2132 putes
364 2063 447 2116 animi
463 2063 530 2116 vitio
536 2062 561 2116 i’
597 2063 728 2132 “Accipe:
740 2064 862 2134 ’primum

97 2136 243 2208 Aedificas,
259 2139 310 2193 hoc
328 2143 378 2206 est,
396 2139 490 2207 longos
506 2137 623 2192 imitaris
641 2138 676 2192 ab
693 2139 749 2192 imo

97 2214 145 2268 Ad
162 2232 295 2268 summum
311 2217 387 2268 totus
404 2213 506 2266 moduli
523 2213 665 2282 bipedalis,
683 2218 712 2268 ct
729 2215 803 2269 idem

97 2290 216 2357 Corpore
233 2289 362 2357 majorem
379 2289 454 2342 rides
472 2288 606 2342 Turbonis
623 2290 652 2343 in
670 2290 753 2344 armis
908 2308 946 2348 am

96 2365 227 2433 Spiritum
245 2367 275 2417 et
291 2363 436 2418 incessum:
454 2364 502 2432 qui
519 2363 649 2418 ridiculus
667 2365 756 2418 minus
773 2365 837 2420 illoi
926 2379 928 2382 ·

96 2440 143 2494 An
161 2439 339 2508 quodcunque
355 2438 421 2492 iacit
439 2439 583 2492 Maecenas
600 2443 630 2493 te
647 2457 755 2509 quoque
772 2457 867 2494 verum
886 2443 933 2496 est

96 2515 214 2570 'fantum
231 2514 389 2568 dissimilem
407 2517 438 2568 et
453 2517 532 2568 tento
549 2518 656 2569 certare
673 2515 834 2570 minoremi·

96 2591 230 2646 Absentis
246 2606 329 2644 ranae
345 2589 426 2658 pullis
443 2589 522 2643 vituli
539 2589 610 2657 pede
628 2589 737 2659 pressis

95 2665 175 2720 Unus
191 2665 240 2720 ubi
257 2665 359 2732 effugit,
375 2664 457 2718 metri
475 2663 610 2731 denarrat,
628 2669 660 2718 ut
677 2665 773 2733 ingens
907 2681 944 2724 315

96 2741 192 2795 Bellua
209 2743 336 2809 cognatos
354 2739 464 2794 eliserit.
499 2739 552 2793 Illa
569 2756 679 2808 rogare:

97 2817 267 2881 ‘Quantanei
285 2832 350 2870 num
367 2814 489 2882 tontum,’
510 2815 619 2869 sufflans
637 2832 674 2884 se,
693 2815 803 2884 ‘magna
819 2815 942 2871 fuisseti'

96 2891 197 2958 ‘Major
214 2890 340 2944 dimidio!
377 2891 463 2943 ‘Num
480 2891 582 2945 tantot’
619 2891 688 2944 Oum
705 2891 792 2958 magis
809 2893 895 2959 atque

95 2965 131 3016 Se
148 2965 234 3030 magis
250 2963 365 3030 inflaret,
384 2965 420 3016 ‘N
422 2981 457 3016 on
476 2965 499 3016 si
516 2967 546 3017 te
563 2966 685 3034 ruperis?
704 2966 801 3033 inquit,

75 3037 162 3089 ·‘Par
179 3036 247 3088 eris?
284 3037 361 3089 Haec
378 3053 394 3088 a
411 3042 440 3090 te
457 3053 511 3090 non
528 3039 645 3092 multum
663 3039 770 3092 abludit
786 3041 885 3108 imago.
905 3055 941 3095 mo

95 3109 178 3162 udde
195 3112 321 3176 po'e'mata
337 3125 417 3172 nunc,
434 3109 485 3162 hoc
502 3115 553 3178 est,
570 3112 660 3166 oleum
677 3114 750 3168 adde
767 3113 889 3180 camino;
