2008 3416
94 65 126 115 84
353 59 558 110 CARMINUM
571 58 622 110 IV.
640 61 680 111 15.

225 143 281 198 Por
298 158 367 211 quas
384 141 513 196 Latinum
529 157 629 196 nomen
647 144 678 196 et
695 142 784 200 Italae

225 217 344 273 (trevere
360 213 432 272 vires
448 217 575 286 famaque
593 218 622 270 et
638 216 737 286 imperi

260 293 390 348 Porreota
407 292 539 360 majestas
556 290 593 345 ad
610 295 688 346 ortus
919 310 947 356 ιι

294 367 364 422 Solis
381 366 417 422 ab
435 367 571 436 Hespem'o
589 365 679 421 cubili.
988 375 989 382 ’

225 442 347 498 Custode
364 459 456 498 rerum
474 442 596 496 Caesare
608 458 664 496 non
679 442 756 498 furor

225 518 319 574 civilis
336 521 385 572 aut
402 518 443 572 vis
460 517 554 586 exiget
570 516 664 585 otium,

259 594 286 649 N
288 610 322 647 on
340 593 382 648 ira
399 608 470 662 quae
486 591 614 661 procudit
631 607 711 648 enses

295 669 332 722 Et
349 668 462 722 miserae
479 667 602 722 inimicat
618 667 707 722 urben
734 705 737 710 -
914 687 944 727 no

225 743 252 798 N
253 760 288 797 on
305 743 353 812 qui
369 742 534 810 profundum
552 743 708 797 Danubium
724 743 825 800 bibunt

224 817 323 873 Edicta
339 821 467 886 rumpent
483 819 503 871 J
505 818 566 885 ulia,
584 833 639 871 non
656 818 750 887 Getae,

257 893 320 948 Nou
339 891 419 947 Seres
436 891 547 948 infidive
565 893 682 961 Persae.

238 1007 243 1019 .
263 1031 275 1040 .
292 966 319 1020 N
321 983 355 1020 on
373 967 477 1021 Tanain
494 984 580 1036 prope
598 967 700 1022 flumen
717 967 779 1022 orti

222 1043 250 1097 N
251 1059 336 1112 osque
353 1045 383 1096 et
399 1043 526 1111 profestis
543 1042 650 1096 lucibus
666 1046 697 1098 et
713 1043 797 1098 sacris
910 1063 941 1104 25

222 1118 302 1173 Inter
315 1117 403 1186 jocosi
420 1134 534 1172 munera
552 1117 645 1190 Liberi
741 1116 748 1126 “

242 1193 329 1260 x(ium
345 1192 421 1261 prole
438 1193 625 1264 matronisque
642 1191 750 1260 nostris,

291 1267 356 1322 Rite
373 1268 439 1322 deos
455 1269 533 1336 prius
549 1268 696 1342 appreeati,

221 1343 335 1397 Virtute
351 1343 458 1398 functos
475 1359 551 1398 more
568 1347 678 1413 patrum
695 1342 779 1400 duces

222 1417 307 1488 Lydis
324 1419 440 1474 remixto
457 1419 576 1473 carmine
593 1417 670 1472 tibiis
909 1439 941 1481 ω

256 1494 419 1564 Trojamque
436 1497 465 1549 et
484 1495 622 1549 Anchisen
640 1496 670 1547 et
686 1491 774 1549 almae

289 1569 452 1640 Progeniem
469 1569 588 1628 Veneria
604 1583 741 1626 oauemue.
