2044 3416
328 335 659 405 EPISTOLARUM

292 573 453 630 LIBER
486 573 699 634 PRIMUS.

482 813 505 867 Ι.

60 895 162 949 Ριιιιιιι
181 894 259 948 dicte
275 892 350 961 mihi,
369 910 474 962 summa
492 895 607 949 dicendo
625 895 752 963 Camena,

19 975 20 980 ’
59 970 229 1040 Spectatum
247 970 314 1024 satis
331 973 362 1024 et
379 970 537 1024 donatum'
524 988 584 1039 Jam
601 970 671 1024 rude
688 970 804 1039 quaeris,

59 1045 221 1113 Maecenas,
238 1045 340 1100 iterum
357 1047 470 1115 antiquo
487 1063 533 1100 me
550 1047 688 1100 includere
706 1046 778 1099 ludo.

60 1121 126 1175 Non
144 1121 247 1175 eadem
265 1124 307 1174 est
324 1125 408 1190 aetas,
425 1138 480 1175 non
497 1138 581 1176 mens.
616 1121 746 1174 Veianius
763 1119 846 1175 annis

19 1233 20 1260 3
62 1197 198 1253 Herculis
215 1195 253 1249 ad
268 1199 376 1266 postem
393 1197 455 1250 fixis
472 1197 542 1251 latet
558 1197 670 1250 abditus
687 1213 759 1266 agro,
905 1211 918 1252 t

61 1271 106 1326 Ne
123 1272 261 1342 populum
278 1276 403 1326 extrema
418 1273 503 1326 toties
520 1276 617 1326 exoret
634 1289 723 1326 arena.
757 1329 761 1336 ¹

62 1348 115 1402 Est
132 1348 204 1402 mihi
221 1351 367 1416 purgatam
383 1347 480 1402 crebro
498 1349 546 1416 qui
562 1351 692 1416 personet
708 1364 815 1403 aurem:

63 1423 144 1477 Solve
162 1427 354 1478 senescentem
371 1428 478 1477 mature
496 1440 576 1477 sanus
594 1439 701 1490 equum,
717 1439 752 1476 ne

63 1498 167 1552 Peccet
185 1497 222 1551 ad
240 1501 393 1552 extremum
410 1497 541 1552 ridendus
559 1501 589 1551 et
605 1497 652 1550 ilia
669 1496 759 1549 ducat

63 1573 89 1626 N
90 1591 145 1627 unc
163 1574 259 1642 itaque
277 1577 307 1628 et
324 1591 418 1628 versus
436 1578 465 1628 et
480 1577 573 1627 cetera
589 1573 695 1644 ludicra
711 1582 788 1661 ponc,
893 1586 915 1625 ro

64 1647 915 1730 Quidverumatquedecenscuroetrogoetomnisinhocsun13

64 1725 162 1780 (londo
181 1729 211 1778 et
228 1742 360 1794 compono
377 1743 448 1794 quae
466 1743 530 1780 mox
548 1726 708 1794 depromere
724 1725 833 1794 possim.

64 1803 107 1854 Ao
124 1818 162 1854 ne
181 1801 253 1855 forte
270 1818 352 1888 roges
370 1818 423 1869 quo
441 1819 485 1856 me
504 1801 580 1867 duce,
599 1817 653 1870 quo
669 1800 727 1855 lare
743 1803 826 1870 tuter,

63 1876 178 1930 Nullius
195 1876 289 1931 addici
277 1881 322 1931 tus
335 1876 431 1945 jurare
448 1877 478 1930 in
494 1877 578 1930 verba
587 1876 720 1947 ‘magistri

64 1952 124 2016 Quo
142 1969 190 2006 me
207 1969 314 2021 cunque
331 1953 404 2021 rapit
421 1956 571 2022 tempestas
589 1952 698 2006 deferor
718 1951 821 2020 hospes
893 1968 914 2008 15

62 2025 146 2080 Nunc
162 2025 242 2094 agilis
260 2026 296 2079 fio
315 2030 344 2080 et
361 2043 466 2081 mersor
483 2026 607 2080 civilibus
624 2025 712 2094 undis,

62 2100 188 2156 Virtutis
204 2117 285 2155 verae
303 2105 395 2156 custos
410 2102 572 2172 rigidusque
587 2102 711 2165 satelles;

61 2178 87 2231 N
89 2195 145 2232 unc
163 2177 193 2230 in
212 2179 350 2247 Aristippi
367 2179 463 2232 furtim
481 2182 629 2247 praecepta
644 2165 759 2246 relabor,

62 2254 99 2308 Et
117 2253 188 2307 mihi
206 2271 251 2308 res
268 2270 323 2307 non
338 2271 383 2308 me
400 2253 482 2308 rebus
490 2253 669 2383 subjungere
686 2271 777 2309 conor.

61 2329 103 2384 Ut
119 2345 178 2382 nox
196 2329 279 2397 longa
294 2329 393 2397 quibus
411 2329 497 2383 menti
488 2333 545 2383 itur
562 2329 655 2395 amica,
674 2329 788 2398 diesque
890 2345 914 2384 ao

61 2405 161 2478 Longa
176 2404 286 2459 videtur
303 2421 371 2474 opus
390 2404 561 2473 debentibus,
579 2408 611 2458 ut
628 2405 707 2472 piger
725 2421 810 2459 annus

61 2481 181 2548 Pupillis
198 2497 267 2549 quos
284 2480 355 2534 dura
369 2481 470 2548 premit
489 2480 613 2533 custodia
630 2484 764 2545 matrum;

60 2557 106 2611 Sic
124 2555 195 2614 mihi
213 2555 294 2609 tarda
310 2555 399 2609 fluunt
417 2556 579 2624 ingrataque
597 2560 728 2623 tempora,
748 2569 819 2620 quae
836 2570 912 2624 spem

60 2631 268 2701 Consiliumque
286 2635 428 2685 morantur
447 2631 546 2699 agendi
564 2631 669 2685 naviter
687 2629 717 2682 id
736 2628 810 2696 quod

60 2711 164 2778 Aeque
182 2707 349 2776 pauperibus
367 2707 488 2777 prodest,
509 2705 688 2775 locupletibus
708 2719 802 2772 aeque,
888 2719 912 2758 aa

59 2785 162 2853 Aeque
180 2783 335 2850 neglectum
354 2784 446 2853 pueris
466 2783 629 2850 senibusque
648 2779 762 2834 nocebit

60 2857 164 2913 Restat
181 2862 214 2912 ut
233 2858 276 2911 his
295 2875 346 2926 ego
365 2876 409 2912 me
425 2859 484 2927 ipse
504 2875 598 2926 regam
617 2856 742 2924 solerque
762 2853 911 2908 elementis.

59 2933 86 2989 N
88 2951 124 2990 on
142 2933 231 3002 possis
247 2934 324 2987 oculo
343 2939 476 3004 quantum
495 2932 659 2988 contendere
679 2931 807 3002 Lynceus,

60 3007 124 3064 Non
143 3013 237 3063 tamen
255 3009 356 3064 idcirco
375 3014 532 3064 contemnas
550 3007 639 3077 lippus
657 3007 766 3075 inungi;

58 3085 119 3139 Nec
139 3085 205 3151 quia
223 3085 353 3153 desperes
371 3085 463 3138 invicti
483 3084 605 3136 membra
624 3083 756 3152 Glyconis,
887 3099 911 3138 ao
