2044 3416
337 65 591 115 EPISTOLARUM
608 67 647 117 11.
668 71 692 119 1.
891 69 936 116 189

74 147 138 217 lpse
157 162 218 214 ego
237 147 288 214 qui
304 145 392 198 nullos
410 162 454 200 me
471 147 586 200 adfirmo
604 146 724 200 scribere
741 163 838 202 versus

14 233 15 242 ³
73 223 212 278 Iuvenior
231 221 343 275 Parthis
360 222 525 290 mendacior,
544 223 574 276 et
591 217 669 290 prius
687 225 749 276 orto

14 315 16 326 ’
72 300 135 354 Sole
153 297 227 366 vigil
247 298 380 350 calumum
398 301 428 352 et
445 295 554 352 chartas
572 303 601 351 et
619 298 717 352 eminis
735 314 823 366 posco.

70 375 184 429 Navem
204 390 289 442 agere
306 373 417 441 ignarus
434 374 510 428 navis
526 374 622 438 timet;
644 373 807 427 abrotonum
822 390 905 442 aegro

68 449 96 503 N
97 467 136 518 on
156 449 249 502 audet
264 449 316 502 nisi
334 449 382 518 qui
398 449 495 503 didicit
512 449 594 514 darm
616 449 691 517 quod
707 449 876 517 medicorum
889 452 932 504 est

69 525 254 579 Promittant
270 524 386 589 medici;
409 528 529 579 tractant
547 523 657 578 fabrilia
674 523 759 580 fabri:
897 538 931 578 110

67 601 231 654 Scribimus
248 599 352 653 indocti
371 600 500 668 doctique
518 603 645 668 poemata
662 599 771 667 passim.

67 677 128 730 Hic
148 692 231 729 error
248 678 341 728 tamen
359 679 389 729 et
406 675 473 729 levis
490 675 558 729 haee
574 675 680 729 insania
698 679 814 743 quanta

66 752 208 806 Virtutes
225 749 326 804 habeat
345 751 383 804 sio
399 751 507 818 collige:
532 752 603 805 vatis
620 767 717 804 avaurs

66 827 95 881 N
97 844 136 880 on
148 831 258 880 temere
270 830 313 880 est
324 827 445 892 animus;
462 843 556 882 versus
568 831 649 891 amat,
662 826 817 882 hocstudet
828 843 922 892 rmum;

66 902 262 968 Detrimenta,
279 902 358 969 fugas
376 919 521 971 servorum,
539 903 666 956 incendia
682 903 771 967 ridet;
893 917 924 958 121
996 913 1000 922 ’

65 979 96 1032 N
99 996 136 1032 on
156 977 285 1030 fraudem
303 977 375 1030 socio
391 994 510 1046 puerove
527 977 659 1045 incogitat
675 977 759 1031 ullam

66 1054 203 1122 Pupillo;
224 1053 291 1107 vivit
309 1053 414 1121 siliquis
432 1057 461 1107 et
477 1069 549 1122 pane
567 1053 701 1117 secuudo;

66 1129 195 1183 Militiae
214 1145 378 1198 quamquam
396 1129 475 1198 piger
492 1133 521 1183 et
537 1129 633 1197 malus,
650 1129 726 1182 utilis
743 1128 813 1196 urbi,

66 1205 101 1258 si
120 1205 176 1258 das
192 1204 244 1258 hoc
260 1204 352 1272 parvis
370 1221 479 1274 quoque
496 1204 579 1258 rebus
597 1221 695 1271 magna
708 1204 808 1272 juvari.
891 1218 925 1260 ras

67 1281 112 1334 Os
130 1284 261 1334 tenerum
278 1279 358 1348 pueri
376 1281 541 1351 balbumque
557 1285 641 1348 poeta
658 1281 766 1348 figurat,

67 1357 199 1425 Torquet
216 1355 251 1408 ab
268 1355 409 1410 obscoenis
422 1356 483 1424 jam
499 1373 571 1410 nune
588 1356 758 1410 sermonibus
776 1372 877 1424 aurem,

67 1431 141 1485 Mox
162 1431 245 1485 etiam
263 1435 359 1500 pectus
376 1433 530 1501 praeceptis
548 1432 647 1485 format
664 1432 764 1500 amicis,

68 1508 246 1576 Asperitatis
264 1511 293 1560 et
309 1507 428 1562 invidiae
445 1511 581 1562 corrector
592 1511 628 1561 'et
644 1507 718 1572 irae;

68 1581 165 1636 Recte
182 1583 255 1636 facta
273 1584 366 1651 refert,
385 1584 499 1638 orientia
516 1587 641 1652 tempora
657 1583 730 1636 notis
886 1591 924 1630 1³0

69 1657 196 1712 Instruit
213 1657 350 1727 exemplis,
368 1659 476 1728 inopem
494 1659 597 1712 solatur
614 1661 643 1712 et
660 1673 779 1724 aegrum.

69 1733 167 1788 Castis
184 1749 246 1787 cum
263 1735 356 1802 pueris
372 1735 467 1803 ignara
483 1735 574 1803 puella
590 1733 683 1788 mariti
704 1734 708 1741 '

68 1809 206 1864 Disceret
221 1811 296 1863 unde
314 1827 409 1877 preces
426 1814 518 1864 vatem
535 1811 564 1863 ni
582 1811 662 1864 Musa
679 1809 819 1864 dedissetl

69 1885 170 1940 Poscit
187 1901 266 1955 opem
285 1885 382 1938 chorus
400 1890 430 1940 et
446 1885 603 1955 praesentia
619 1886 731 1939 numina
748 1884 840 1953 sentit,

69 1962 215 2016 Caelestes
232 1961 360 2030 implorat
377 1978 462 2030 aquas
480 1961 560 2015 docta
577 1977 658 2028 prece
675 1960 801 2026 blandus,
889 1975 923 2016 aas

70 2038 189 2091 Avertit
207 2037 323 2104 morbos,
341 2037 491 2092 metuenda
507 2037 628 2106 pericula
644 2036 730 2104 pellit,

70 2113 212 2181 Impetrat
230 2116 259 2167 et
276 2129 371 2181 pacem
389 2117 418 2167 et
435 2113 598 2182 locupletem
615 2107 741 2178 frugibus
759 2127 864 2166 sunum.

71 2189 203 2243 Carmine
221 2187 250 2241 di
268 2189 359 2257 superi
377 2189 525 2257 placantur,
544 2188 662 2243 carmine
680 2187 783 2242 Manes
833 2233 836 2236 .

71 2264 221 2334 Agricolae
238 2264 327 2338 prisci,
345 2264 430 2318 fortes
447 2281 585 2333 parvoque
603 2264 685 2332 beati,

72 2341 194 2396 Condita
210 2343 274 2409 post
290 2341 428 2394 frumenta
444 2340 566 2394 levantes
583 2343 708 2410 tempore
724 2341 795 2395 festo
888 2357 921 2396 110

73 2417 182 2486 Corpus
199 2421 229 2471 ct
246 2417 335 2485 ipsum
353 2417 473 2470 animum
491 2432 539 2486 spe
556 2416 618 2470 finis
636 2417 706 2470 dura
723 2418 863 2483 ferentem,

72 2493 145 2546 Cum
163 2492 242 2546 sociis
260 2508 379 2560 operum,
396 2493 490 2561 pueris
507 2496 536 2546 et
553 2494 668 2562 conjuge
685 2491 748 2558 fida,

71 2568 211 2622 Tellurem
229 2583 317 2637 porco,
337 2567 475 2621 Silvanum
493 2567 563 2622 lacte
580 2567 699 2635 piabant,

72 2643 203 2698 Floribus
220 2647 250 2697 et
266 2643 328 2697 vino
347 2642 464 2696 Genium
481 2658 628 2697 memorem
642 2639 733 2694 brevis
750 2642 816 2698 aevi.

72 2719 242 2774 Fescennina
258 2735 309 2788 per
325 2717 524 2773 huuc'inventa
540 2716 650 2770 licentia
666 2732 770 2770 morem
893 2733 927 2774 145

72 2793 209 2848 Versibus
227 2795 339 2850 alteruis
357 2795 502 2863 opprobria
519 2793 621 2848 rustica
638 2791 719 2858 fudit,
770 2834 772 2840 .
830 2809 833 2813 ·

72 2871 256 2940 libertasque
273 2875 444 2926 recurrentes
461 2873 572 2939 accepta
588 2885 638 2937 por
656 2883 741 2921 annos

72 2945 155 3002 Lusit
171 2947 331 3015 amabiliter,
351 2947 436 3000 donee
449 2946 509 3014 jam
527 2961 623 2999 saevus
641 2945 764 3011 apertam

73 3023 110 3078 In
127 3021 231 3076 rabiem
250 3024 338 3090 coepit
356 3023 427 3075 verti
441 3021 521 3088 jocus
539 3023 568 3074 et
585 3037 635 3088 per
652 3019 781 3072 honestas

74 3099 122 3152 Ire
140 3097 235 3151 domos
253 3097 363 3165 impune
381 3097 483 3150 minax.
518 3095 638 3149 Doluere
656 3097 770 3148 cruento
885 3107 921 3148 uso
1006 3151 1007 3160 χ
