2008 3416
435 887 459 942 I.

160 969 221 1026 Inrs
237 968 367 1024 Liburnis
383 969 457 1025 inter
473 970 530 1026 alte
545 973 663 1042 uarium,

195 1046 299 1112 Amice,
316 1046 526 1114 propugnacula,

161 1119 276 1178 Paratus
293 1135 372 1172 omne
391 1120 515 1174 (laeseris
532 1121 683 1192 periculum

194 1194 300 1263 Sabim,
318 1195 470 1264 Maecenas,
489 1202 546 1251 tue.

162 1269 234 1336 Quid
249 1277 307 1336 n'es,
325 1270 424 1339 quibus
440 1275 470 1325 te
486 1273 545 1326 vita
562 1273 598 1328 sit
615 1229 760 1343 eupolemo
860 1288 873 1331 t

194 1345 328 1412 Jucunda,
347 1345 370 1398 si
388 1350 482 1400 contra
498 1349 609 1416 gravisi

163 1418 296 1474 Utrumne
309 1419 380 1487 jussi
397 1438 593 1490 persequemur
610 1425 697 1481 etium

194 1495 220 1548 N
221 1511 256 1548 on
273 1494 352 1548 dulce
369 1496 399 1548 ui
415 1500 507 1550 tecum
524 1498 612 1566 simul,

163 1571 207 1624 Au
223 1570 295 1624 hunc
311 1569 432 1624 laborem
449 1575 543 1626 mente
560 1572 644 1628 laturi
661 1573 756 1628 decet.

195 1645 254 1710 Qua
270 1645 343 1699 ferre
360 1663 414 1700 nou
432 1647 527 1700 molles
544 1648 634 1702 virosi

162 1719 290 1774 Ileremus
308 1725 337 1774 et
354 1725 383 1775 te
401 1721 443 1774 vel
461 1738 512 1790 per
530 1723 643 1791 Alpium
655 1722 725 1792 juge
743 1717 746 1726 ’

195 1795 390 1863 Inhospitalem
408 1800 437 1850 et
455 1797 612 1865 Caucasum,
726 1845 732 1855 ,

163 1869 214 1924 Vel
231 1870 389 1929 Occidentis
406 1887 493 1942 usque
511 1873 548 1926 cd
564 1873 691 1928 ultimum
709 1875 797 1929 sinum

195 1945 271 2000 Ilorti
289 1962 436 2016 sequemur
452 1951 572 2015 pectore.

164 2019 251 2088 Reges
268 2024 347 2074 tuum
364 2021 457 2076 labore
476 2023 543 2092 quid
555 2023 651 2091 juvem
668 2039 737 2092 meo,

195 2095 317 2150 Imbellis
335 2112 367 2149 ae
383 2096 477 2150 firmus
493 2100 609 2166 pamm?

155 2169 259 2226 *eomes
275 2171 379 2226 minore
396 2189 457 2226 sum
473 2173 583 2227 futurus
598 2173 628 2226 in
645 2176 729 2243 metu,

195 2246 248 2310 Qui
265 2246 354 2314 major
371 2248 498 2302 absentes
515 2249 617 2314 hebet;

162 2319 202 2379 Ut
217 2322 341 2376 assidens
357 2323 531 2392 implumibus
547 2323 628 2393 pullis
645 2325 701 2379 avis

195 2397 369 2466 Serpentium
386 2398 503 2467 allapsus
520 2399 600 2453 timet

163 2470 250 2540 Magis
265 2473 376 2541 relictis,
394 2489 455 2542 non,
470 2477 503 2528 ut
519 2473 599 2543 adsit,
617 2475 698 2530 auxili

195 2547 299 2602 Latum
316 2549 378 2617 plus
393 2549 590 2619 praesentibus.
759 2617 761 2622 ,

148 2621 293 2678 'Libenter
309 2623 361 2678 hoc
379 2628 408 2678 et
425 2639 503 2678 omne
520 2625 681 2701 militabitur
761 2665 762 2668 η

196 2697 304 2752 Bellum
321 2699 350 2752 in
367 2702 432 2755 tuce
449 2717 526 2770 spem
542 2701 654 2768 gratiae,

161 2771 224 2827 Non
241 2777 274 2828 ut
287 2773 412 2842 juvencis
429 2775 534 2843 illigata
550 2775 673 2844 pluribus
759 2813 762 2820 .

196 2850 300 2903 Aratre
315 2849 439 2918 uitentur
454 2867 523 2920 mea,

164 2921 285 2978 Pecusve
304 2925 426 2979 Celebris
444 2930 508 2980 ante
525 2925 601 2979 sidus
617 2921 763 2976 fervidum.

197 2998 308 3052 Lucane
324 3001 543 3066 mutetpescuis,
750 3063 753 3072 Ι

164 3071 263 3140 Neque
279 3076 313 3126 ut
329 3073 439 3140 superni
456 3072 519 3124 villa
535 3070 654 3124 candens
670 3067 778 3122 'liuculi

198 3147 311 3202 cusae
327 3148 424 3212 tanget
439 3140 568 3196 moenie'
