2008 3416
393 105 547 156 HORATII
563 105 695 156 unhooI

226 179 303 247 Satis
316 203 451 256 superque
468 203 512 241 me
529 181 684 255 benignitas
701 187 751 241 tua

175 279 185 294 ·
260 263 382 318 Ditevit:
400 262 474 316 haud
491 278 623 331 paravero
994 299 995 324 2

226 335 306 405 Quod
322 341 371 392 aut
387 354 484 392 avarus
500 337 533 391 nt
551 337 683 391 Chremes
700 333 777 390 terra
793 350 925 406 premam,
994 387 995 410 ,

260 408 414 469 Discinetus
430 413 479 468 aut
495 412 610 482 perdam
626 427 719 482 nepos.
994 411 995 440 ⁴

227 639 339 696 Barrus
356 637 403 693 ille
420 637 468 707 qni
484 637 578 707 procul
594 637 719 708 negotiis,

261 715 302 769 Ut
319 714 408 783 prisca
424 731 491 782 gens
508 714 671 782 mortalium,

227 787 346 844 Paterna
362 804 427 842 rura
444 787 531 842 bobus
548 777 657 844 exercet
675 787 738 857 suris,

262 865 372 920 Solutus
389 864 461 917 omni
478 864 580 927 fenore,

169 971 171 974 ·
227 939 325 1009 Neque
343 941 479 993 excitatur
497 939 606 994 classico
623 940 700 994 miles
716 941 795 1009 truci,
970 956 995 1002 o}

261 1015 359 1086 Neque
375 1015 469 1069 horret
485 1014 586 1070 iratum
603 1031 686 1083 mare,
994 1025 995 1036 ¹

227 1089 383 1160 Forumque
400 1091 470 1144 vitat
488 1093 516 1145 et
534 1090 652 1160 superba
668 1090 766 1146 muium

261 1165 450 1220 Potentiorum
467 1165 567 1222 ffinina.

226 1241 300 1310 llrgo
317 1244 366 1296 aut
382 1241 477 1295 adulta
493 1241 590 1296 vitium
606 1241 754 1313 propagine

261 1316 342 1370 Altae
359 1315 471 1372 maritat
485 1316 606 1385 populos,

227 1391 287 1446 Aut
303 1392 332 1445 in
349 1392 464 1446 reducta
480 1391 551 1446 valle
562 1391 746 1460 vmugientium

261 1467 423 1536 Prospectat
440 1470 563 1522 errantes
580 1484 685 1535 greges,

226 1541 396 1611 Inutilesque
414 1542 483 1596 falce
499 1559 589 1597 ramos
605 1545 748 1612 amputans

152 1628 155 1631 ·
260 1616 406 1672 Feliciores
422 1617 526 1686 inserit,
994 1655 995 1662 2

226 1691 286 1747 Aut
302 1701 398 1759 pressa
414 1692 490 1761 puris
507 1692 588 1746 mella
604 1692 697 1747 condit
713 1691 857 1763 amphoris,
960 1695 995 1745 ιε1

262 1767 322 1820 Aut
338 1767 438 1821 tondet
454 1767 575 1821 infirmas
592 1783 673 1834 oves;

225 1831 279 1896 Vel
296 1856 358 1894 eum
375 1840 502 1894 decorum
519 1842 632 1897 mitibus
648 1843 735 1914 pomis
752 1847 834 1912 eaput

260 1915 434 1970 Auetumnus
451 1917 523 1985 agris
541 1917 647 1986 extulit,
861 1918 865 1936 ⁸

224 1990 267 2047 Ut
282 1991 386 2059 gaudet
402 1991 512 2046 insitiva
529 1992 676 2062 decerpens
693 1995 759 2064 pira,
994 2035 995 2068 ,

259 2066 417 2122 certantem
435 2071 465 2124 et
480 2083 562 2122 uram
578 2086 722 2139 purpurae,
952 2093 977 2130 so
994 2071 995 2136 l

225 2142 285 2208 Qua
299 2147 460 2198 muneretur
476 2147 513 2211 ie,
532 2143 638 2213 Priape,
655 2149 684 2198 et
701 2149 737 2213 te,
754 2150 834 2215 pater
994 2159 995 2178 i

258 2218 374 2287 Silvane,
391 2221 468 2272 tutor
485 2219 596 2274 finium!

224 2291 307 2347 Libet
319 2292 412 2360 jaeere
429 2293 510 2347 modo
528 2294 579 2348 sub
596 2295 709 2366 antiqua
725 2297 793 2366 iliee,

258 2367 343 2421 Modo
360 2368 389 2421 in
405 2369 494 2422 munci
511 2370 642 2438 gramine.

224 2441 367 2497 Labuntur
383 2443 446 2498 altis
463 2444 574 2500 iuterim
591 2446 659 2515 ripis
676 2453 770 2517 aquae,
950 2468 974 2508 es

258 2517 416 2582 Queruntur
432 2520 462 2573 in
479 2520 554 2586 silvis
571 2539 641 2590 ares,

223 2591 380 2664 Fontesque
397 2594 515 2664 lymphis
532 2597 695 2666 obstrepunt
712 2599 902 2674 manantibus,

258 2669 371 2723 Somnos
389 2669 463 2737 quod
479 2669 578 2726 invitet
594 2672 677 2727 leves.

223 2743 266 2799 At
282 2760 344 2799 oum
360 2745 481 2798 tonantis
498 2761 585 2800 annus
602 2747 733 2803 hibernus
749 2749 770 2804 J
771 2750 829 2806 ouis

258 2818 366 2874 Imbres
383 2819 512 2889 nivesque
529 2827 675 2892 eomparat,
951 2847 974 2888 a)

223 2895 283 2948 Aut
299 2895 389 2950 trudit
405 2912 481 2950 aeres
498 2896 561 2952 hinc
579 2901 609 2953 et
625 2899 689 2954 hine
705 2899 793 2956 mults
809 2918 878 2960 oane

258 2971 349 3038 Apros
366 2971 395 3022 in
413 2971 553 3026 obstantes
570 2974 673 3043 plagas,

224 3041 285 3095 Aut
301 3043 384 3097 amite
401 3044 455 3097 levi
473 3061 535 3100 rare
551 3049 643 3104 tendit
659 3049 736 3119 retia,

258 3113 356 3168 Turdis
373 3116 501 3174 edacibus
518 3120 602 3190 dolos
654 3115 657 3120 ’
777 3117 782 3124 “
