2008 3416
114 105 163 174 tae*
385 99 539 152 nonum
555 99 686 152 FLAOOI

112 177 294 238 Adversarius
312 183 355 238 etl
374 181 458 247 “Quo
475 184 507 235 tu
523 180 682 250 turpissime
691 179 717 235 1”
736 195 835 250 magua
938 196 985 258 Ιπ

111 258 245 313 Inclamat
261 274 341 323 voce3
358 261 388 312 et
405 257 507 311 “Licet
524 256 656 311 antestari
666 255 691 310 l’'
728 255 787 324 Ego
803 272 870 310 vero

111 332 225 402 Oppono
243 333 397 388 auriculam.
433 332 517 400 Rapit
534 331 563 384 in
576 331 638 399 jus3
656 331 758 384 clamor
775 331 925 404 utrinqu03

111 409 241 480 Undique
257 425 411 464 concursus.
446 407 491 462 Sic
508 424 553 462 me
570 407 689 462 servavit
707 407 815 476 Apollo.

521 547 547 602 X

111 626 215 688 Nau'ru
232 632 408 703 incomposito
426 632 483 687 dixi
500 631 572 701 pede
589 646 699 686 currere
716 647 811 686 versus

110 709 204 764 Lucili.
240 709 307 773 Quis
324 715 382 764 tam
400 709 488 764 Lucili
505 709 596 762 fautor
612 707 705 775 iuepte
723 710 767 760 est

109 783 150 838 Ut
167 801 221 838 non
238 784 289 838 hoc
305 784 446 838 fateaturl
481 785 523 838 At
540 783 614 837 idem
632 781 707 851 quod
724 781 781 836 sale
798 781 885 837 mirlte

109 859 215 914 Urbem
233 859 362 914 defricent
379 858 474 913 charta
491 859 621 912 laudatur
638 857 742 911 eadem.

109 935 135 988 N
137 951 168 988 ec
175 938 266 988 tamen
273 934 325 988 hoc
331 933 456 990 tribuens
464 934 587 988 dederim
595 949 703 1003 quoque
709 935 813 998 'catera;
824 949 888 987 uam
896 933 936 988 sie
953 948 971 989 s

109 1011 146 1064 llt
163 1009 263 1065 Laberi
279 1010 377 1064 mimos
393 1014 426 1065 ut
443 1011 557 1080 pulchra
574 1013 701 1079 poemata
718 1008 807 1064 mirer.

109 1087 180 1155 urgo
197 1103 251 1142 non
269 1086 335 1141 setis
353 1089 396 1141 est
412 1086 471 1139 risu
488 1085 619 1140 diducere
637 1085 737 1139 rictum

109 1162 253 1216 Auditoris
271 1164 310 1230 (et
327 1166 370 1216 est
387 1161 522 1232 quaedam
540 1165 632 1216 tamen
649 1161 694 1216 hic
711 1176 820 1230 quoque
836 1160 945 1225 virtius).

109 1237 159 1290 Est
176 1237 311 1292 brevitate
328 1254 403 1308 opus,
420 1242 454 1293 ut
469 1241 561 1294 eiurat
579 1237 715 1292 sententia
731 1252 785 1290 neu
802 1252 833 1291 se

109 1311 247 1380 Impediat
264 1313 356 1368 verbis
372 1313 458 1368 lassas
475 1313 652 1369 onerantibus
669 1328 764 1377 aures;
940 1326 968 1368 ιο

109 1387 146 1440 Et
160 1396 286 1442 sermone
304 1406 372 1458 opus
389 1394 432 1444 est
450 1391 531 1444 modo
548 1389 623 1444 tristi
640 1404 721 1457 saepe
733 1386 836 1455 jocoso,

109 1461 281 1520 Defendente
298 1465 386 1519 vicem
403 1466 484 1520 modo
501 1465 620 1520 rhetoris
636 1466 721 1532 atque
737 1465 843 1531 politae,

109 1537 254 1592 Interdum
271 1539 377 1607 urbani,
395 1541 531 1609 parcentis
548 1539 651 1593 viribus
668 1542 752 1606 atque

108 1613 289 1670 Extenuantis
306 1632 353 1670 ees
369 1615 499 1670 consulto.
536 1614 692 1668 Ridiculum
710 1613 765 1666 acri

108 1687 217 1744 Fontius
233 1691 263 1744 et
280 1691 376 1744 melius
393 1707 505 1758 magnas
525 1689 686 1758 pleramque
704 1691 778 1742 secat
794 1704 846 1743 res
938 1702 963 1744 1⁵

108 1764 154 1818 Illi
171 1766 273 1834 scripta
290 1765 388 1833 quibus
406 1765 547 1818 comoedia
565 1764 654 1833 prisca
670 1763 736 1818 viris
753 1767 796 1818 est

108 1839 170 1893 Hoc
187 1840 303 1906 stabant,
321 1839 371 1892 hoc
389 1842 453 1892 suut
470 1838 611 1905 imitandi;
629 1855 698 1908 quos
714 1855 804 1908 neque
820 1838 938 1908 pulcher

107 1914 294 1982 Hermogenes
311 1929 431 1983 unquam
448 1913 517 1981 legit
533 1930 624 1982 nequa
642 1914 737 1968 simius
753 1915 807 1968 iste

106 1989 133 2043 N
135 1989 154 2042 il
171 1993 281 2059 praeter
299 1990 412 2046 Calvum
428 1993 458 2045 et
476 1989 572 2044 doctus
590 1992 701 2044 cantare
719 1990 865 2045 Catullum.

106 2059 170 2119 “At
186 2082 313 2134 maguum
332 2067 396 2122 fecit
414 2066 488 2136 quod
505 2065 596 2120 verbis
615 2065 719 2140 Graeca
737 2065 841 2121 Latinis
907 2069 912 2080 '
936 2082 960 2121 ru

105 2141 238 2196 Miscuit.”
273 2143 297 2196 O
316 2142 369 2196 seri
388 2141 553 2196 studiorum!
573 2142 656 2210 quine
672 2141 777 2210 putetis

105 2215 221 2270 Difficile
238 2219 268 2271 et
285 2217 386 2270 mirum
403 2216 510 2271 Rhodio
528 2217 603 2286 quod
622 2215 788 2271 Pitholeonti

105 2291 245 2359 eontigitr
281 2291 344 2346 “At
362 2308 451 2346 sermo
467 2292 560 2360 lingua
577 2293 723 2346 concinnus
739 2296 857 2361 utraque

105 2367 224 2440 suavior,
242 2369 274 2420 ut
292 2365 360 2420 Ohio
378 2370 443 2421 nota
460 2367 483 2421 si
500 2367 648 2423 commixta
666 2368 775 2422 Falerni
793 2367 859 2422 est.’'

105 2441 174 2497 (ium
191 2457 285 2497 versus
302 2441 392 2510 facias,
410 2446 440 2498 te
457 2443 547 2513 ipsum
564 2447 716 2513 percontor,
734 2460 768 2497 an
786 2446 896 2498 etcum
930 2456 955 2498 25

103 2517 181 2573 Dura
198 2517 249 2572 tibi
266 2518 424 2587 peragenda
440 2520 481 2574 rei
498 2519 535 2574 sit
551 2535 632 2575 causa
650 2519 762 2574 Petillii
789 2521 791 2524 ’

103 2593 212 2649 Scilicet
228 2593 330 2648 oblitus
347 2594 506 2665 patriaeque
522 2596 672 2665 patrisque,
690 2595 789 2649 Latine

103 2669 172 2724 Cum
191 2669 292 2724 Pedius
309 2687 404 2724 causas
421 2671 539 2726 exsudet
557 2670 693 2740 Poplicola
709 2673 794 2739 atque

102 2743 242 2814 Corvinus,
259 2746 355 2814 pstriis
373 2745 559 2800 intermiscere
576 2746 665 2814 petita

101 2817 194 2875 Verba
211 2820 277 2874 foris
294 2821 379 2888 malis,
398 2821 525 2876 Canusini
542 2837 618 2875 more
635 2821 782 2889 bilinguis?
927 2836 951 2876 m

101 2897 195 2964 Atque
213 2912 264 2963 ego
281 2913 343 2950 cum
362 2898 479 2952 Graecos
496 2898 613 2951 facerem
630 2901 711 2951 natus
729 2912 804 2951 mare
821 2895 893 2952 citra

100 2967 263 3035 Versiculos,
280 2972 369 3024 vetuit
386 2989 430 3025 me
447 2973 496 3025 tali
512 2988 578 3026 voce
596 2972 733 3040 Quirinus,

100 3037 167 3093 Post
183 3041 303 3095 mediam
320 3049 428 3098 noctem
445 3047 519 3098 visus
536 3062 597 3099 cum
615 3047 719 3099 somnia
736 3061 814 3100 vera:

100 3107 115 3138 ¹‘
122 3111 157 3165 In
174 3113 269 3166 silvam
287 3131 341 3168 non
358 3117 432 3184 ligna
448 3119 521 3172 feras
538 3119 658 3174 insanius
675 3137 707 3175 ao
724 3120 747 3174 si
