<?xml version="1.0" encoding="UTF-8"?>
<!DOCTYPE html PUBLIC "-//W3C//DTD XHTML 1.0 Transitional//EN"
    "http://www.w3.org/TR/xhtml1/DTD/xhtml1-transitional.dtd">
<html xmlns="http://www.w3.org/1999/xhtml" xml:lang="en" lang="en">
 <head>
  <title>
</title>
<meta http-equiv="Content-Type" content="text/html;charset=utf-8" />
  <meta name='ocr-system' content='tesseract 3.04.00' />
  <meta name='ocr-capabilities' content='ocr_page ocr_carea ocr_par ocr_line ocrx_word'/>
</head>
<body>
  <div class='ocr_page' id='page_1' title='image "./quintihoratiifl01maclgoog_0218.png"; bbox 0 0 2044 3416; ppageno 0'>
   <div class='ocr_carea' id='block_1_1' title="bbox 20 11 22 126">
    <p class='ocr_par' dir='ltr' id='par_1_1' title="bbox 20 11 22 126">
     <span class='ocr_line' id='line_1_1' title="bbox 20 11 22 46; baseline 0 0"><span class='ocrx_word' id='word_1_1' title='bbox 20 11 22 46; x_wconf 85' lang='grc' dir='ltr'>ι</span> 
     </span>
     <span class='ocr_line' id='line_1_2' title="bbox 20 75 22 126; baseline 0 0"><span class='ocrx_word' id='word_1_2' title='bbox 20 75 22 126; x_wconf 84' lang='lat' dir='ltr'><strong>l</strong></span> 
     </span>
    </p>
   </div>
   <div class='ocr_carea' id='block_1_2' title="bbox 369 119 915 172">
    <p class='ocr_par' dir='ltr' id='par_1_2' title="bbox 369 119 915 172">
     <span class='ocr_line' id='line_1_3' title="bbox 369 119 915 172; baseline 0.004 -2"><span class='ocrx_word' id='word_1_3' title='bbox 369 120 439 170; x_wconf 66' lang='lat' dir='ltr'><strong>Aba</strong></span> <span class='ocrx_word' id='word_1_4' title='bbox 455 119 616 170; x_wconf 68' lang='lat' dir='ltr'><strong>romeu.</strong></span> <span class='ocrx_word' id='word_1_5' title='bbox 867 125 915 172; x_wconf 79' lang='lat'><strong>205</strong></span> 
     </span>
    </p>
   </div>
   <div class='ocr_carea' id='block_1_3' title="bbox 14 189 930 3196">
    <p class='ocr_par' dir='ltr' id='par_1_3' title="bbox 19 189 804 420">
     <span class='ocr_line' id='line_1_4' title="bbox 19 189 679 270; baseline -0.008 -10"><span class='ocrx_word' id='word_1_6' title='bbox 19 189 21 266; x_wconf 63' lang='lat' dir='ltr'><strong>l</strong></span> <span class='ocrx_word' id='word_1_7' title='bbox 66 204 108 260; x_wconf 84' lang='lat' dir='ltr'><strong>Ut</strong></span> <span class='ocrx_word' id='word_1_8' title='bbox 123 203 206 259; x_wconf 82' lang='lat' dir='ltr'><strong>festis</strong></span> <span class='ocrx_word' id='word_1_9' title='bbox 221 204 347 258; x_wconf 84' lang='lat' dir='ltr'><strong>matrona</strong></span> <span class='ocrx_word' id='word_1_10' title='bbox 362 200 465 255; x_wconf 88' lang='lat' dir='ltr'><strong>moveri</strong></span> <span class='ocrx_word' id='word_1_11' title='bbox 478 200 558 269; x_wconf 83' lang='lat' dir='ltr'><strong>jussa</strong></span> <span class='ocrx_word' id='word_1_12' title='bbox 574 199 679 270; x_wconf 84' lang='lat' dir='ltr'><strong>diebus,</strong></span> 
     </span>
     <span class='ocr_line' id='line_1_5' title="bbox 68 275 786 345; baseline -0.007 -11"><span class='ocrx_word' id='word_1_13' title='bbox 68 275 203 334; x_wconf 84' lang='lat' dir='ltr'><strong>Intererit</strong></span> <span class='ocrx_word' id='word_1_14' title='bbox 221 276 323 345; x_wconf 78' lang='lat' dir='ltr'><strong>Satyris</strong></span> <span class='ocrx_word' id='word_1_15' title='bbox 340 276 451 345; x_wconf 89' lang='lat' dir='ltr'><strong>paulum</strong></span> <span class='ocrx_word' id='word_1_16' title='bbox 468 275 629 344; x_wconf 86' lang='lat' dir='ltr'><strong>pudibunda</strong></span> <span class='ocrx_word' id='word_1_17' title='bbox 644 280 786 345; x_wconf 80' lang='lat' dir='ltr'><strong>protervis.</strong></span> 
     </span>
     <span class='ocr_line' id='line_1_6' title="bbox 69 350 804 420; baseline 0 -11"><span class='ocrx_word' id='word_1_18' title='bbox 69 355 132 409; x_wconf 87' lang='lat' dir='ltr'><strong>Non</strong></span> <span class='ocrx_word' id='word_1_19' title='bbox 151 369 204 420; x_wconf 79' lang='lat' dir='ltr'><strong>ego</strong></span> <span class='ocrx_word' id='word_1_20' title='bbox 219 353 345 405; x_wconf 80' lang='lat' dir='ltr'><strong>inornata</strong></span> <span class='ocrx_word' id='word_1_21' title='bbox 362 355 392 405; x_wconf 92' lang='lat' dir='ltr'><strong>et</strong></span> <span class='ocrx_word' id='word_1_22' title='bbox 409 350 577 404; x_wconf 76' lang='lat' dir='ltr'><strong>dominantia</strong></span> <span class='ocrx_word' id='word_1_23' title='bbox 592 351 702 405; x_wconf 86' lang='lat' dir='ltr'><strong>nomina</strong></span> <span class='ocrx_word' id='word_1_24' title='bbox 719 354 804 409; x_wconf 88' lang='lat' dir='ltr'><strong>solum</strong></span> 
     </span>
    </p>

    <p class='ocr_par' dir='ltr' id='par_1_4' title="bbox 18 426 916 496">
     <span class='ocr_line' id='line_1_7' title="bbox 18 426 916 496; baseline 0.001 -15"><span class='ocrx_word' id='word_1_25' title='bbox 18 429 19 492; x_wconf 81' lang='lat' dir='ltr'><strong>l</strong></span> <span class='ocrx_word' id='word_1_26' title='bbox 69 428 226 496; x_wconf 76' lang='lat' dir='ltr'>Verbaque,</span> <span class='ocrx_word' id='word_1_27' title='bbox 246 427 365 494; x_wconf 77' lang='lat' dir='ltr'><strong>Pisones,</strong></span> <span class='ocrx_word' id='word_1_28' title='bbox 384 426 542 492; x_wconf 75' lang='lat' dir='ltr'><strong>Satyrorum</strong></span> <span class='ocrx_word' id='word_1_29' title='bbox 560 426 676 493; x_wconf 74' lang='lat' dir='ltr'><strong>scriptor</strong></span> <span class='ocrx_word' id='word_1_30' title='bbox 693 427 805 495; x_wconf 87' lang='lat' dir='ltr'><strong>amabo;</strong></span> <span class='ocrx_word' id='word_1_31' title='bbox 881 449 916 492; x_wconf 74' lang='lat'><strong>235</strong></span> 
     </span>
    </p>

    <p class='ocr_par' dir='ltr' id='par_1_5' title="bbox 18 500 769 721">
     <span class='ocr_line' id='line_1_8' title="bbox 18 500 644 568; baseline -0.006 -11"><span class='ocrx_word' id='word_1_32' title='bbox 18 507 19 562; x_wconf 45' lang='grc' dir='ltr'><em>ὲ</em></span> <span class='ocrx_word' id='word_1_33' title='bbox 70 504 130 557; x_wconf 86' lang='lat' dir='ltr'><strong>Nec</strong></span> <span class='ocrx_word' id='word_1_34' title='bbox 148 503 188 556; x_wconf 85' lang='lat' dir='ltr'><strong>sic</strong></span> <span class='ocrx_word' id='word_1_35' title='bbox 204 501 293 554; x_wconf 88' lang='lat' dir='ltr'><strong>enitar</strong></span> <span class='ocrx_word' id='word_1_36' title='bbox 308 501 416 568; x_wconf 78' lang='lat' dir='ltr'><strong>tragico</strong></span> <span class='ocrx_word' id='word_1_37' title='bbox 433 500 543 554; x_wconf 87' lang='lat' dir='ltr'><strong>differre</strong></span> <span class='ocrx_word' id='word_1_38' title='bbox 561 500 644 553; x_wconf 87' lang='lat' dir='ltr'><strong>colori</strong></span> 
     </span>
     <span class='ocr_line' id='line_1_9' title="bbox 69 575 769 644; baseline 0.001 -13"><span class='ocrx_word' id='word_1_39' title='bbox 69 579 111 631; x_wconf 90' lang='lat' dir='ltr'><strong>Ut</strong></span> <span class='ocrx_word' id='word_1_40' title='bbox 128 576 198 630; x_wconf 92' lang='lat' dir='ltr'><strong>nihil</strong></span> <span class='ocrx_word' id='word_1_41' title='bbox 215 576 324 630; x_wconf 86' lang='lat' dir='ltr'><strong>intersit</strong></span> <span class='ocrx_word' id='word_1_42' title='bbox 341 576 470 629; x_wconf 82' lang='lat' dir='ltr'><strong>Davusne</strong></span> <span class='ocrx_word' id='word_1_43' title='bbox 486 575 615 644; x_wconf 89' lang='lat' dir='ltr'><strong>loquatur</strong></span> <span class='ocrx_word' id='word_1_44' title='bbox 631 579 661 630; x_wconf 90' lang='lat' dir='ltr'><strong>et</strong></span> <span class='ocrx_word' id='word_1_45' title='bbox 678 577 769 632; x_wconf 84' lang='lat' dir='ltr'><strong>audax</strong></span> 
     </span>
     <span class='ocr_line' id='line_1_10' title="bbox 71 649 734 721; baseline 0 -15"><span class='ocrx_word' id='word_1_46' title='bbox 71 652 185 721; x_wconf 82' lang='lat' dir='ltr'><strong>Pythias</strong></span> <span class='ocrx_word' id='word_1_47' title='bbox 202 655 327 705; x_wconf 85' lang='lat' dir='ltr'><strong>emuncto</strong></span> <span class='ocrx_word' id='word_1_48' title='bbox 344 651 450 704; x_wconf 83' lang='lat' dir='ltr'><strong>lucrata</strong></span> <span class='ocrx_word' id='word_1_49' title='bbox 467 649 576 704; x_wconf 81' lang='lat' dir='ltr'><strong>Simone</strong></span> <span class='ocrx_word' id='word_1_50' title='bbox 592 651 734 718; x_wconf 78' lang='lat' dir='ltr'><strong>talentum,</strong></span> 
     </span>
    </p>

    <p class='ocr_par' dir='ltr' id='par_1_6' title="bbox 17 689 755 802">
     <span class='ocr_line' id='line_1_11' title="bbox 17 689 755 794; baseline 0.005 -13"><span class='ocrx_word' id='word_1_51' title='bbox 17 689 19 760; x_wconf 57' lang='lat'><em>7</em></span> <span class='ocrx_word' id='word_1_52' title='bbox 72 729 119 781; x_wconf 82' lang='lat' dir='ltr'><strong>An</strong></span> <span class='ocrx_word' id='word_1_53' title='bbox 136 730 228 780; x_wconf 84' lang='lat' dir='ltr'><strong>custos</strong></span> <span class='ocrx_word' id='word_1_54' title='bbox 244 727 415 794; x_wconf 83' lang='lat' dir='ltr'><strong>famulusque</strong></span> <span class='ocrx_word' id='word_1_55' title='bbox 433 725 477 779; x_wconf 90' lang='lat' dir='ltr'><strong>dei</strong></span> <span class='ocrx_word' id='word_1_56' title='bbox 497 725 604 780; x_wconf 83' lang='lat' dir='ltr'><strong>Silenus</strong></span> <span class='ocrx_word' id='word_1_57' title='bbox 621 726 731 782; x_wconf 87' lang='lat' dir='ltr'><strong>alumni.</strong></span> <span class='ocrx_word' id='word_1_58' title='bbox 748 774 755 785; x_wconf 91' lang='lat'>.</span> 
     </span>
    </p>

    <p class='ocr_par' dir='ltr' id='par_1_7' title="bbox 16 801 919 1096">
     <span class='ocr_line' id='line_1_12' title="bbox 16 801 919 872; baseline 0.001 -14"><span class='ocrx_word' id='word_1_59' title='bbox 16 846 17 858; x_wconf 64' lang='grc'>,</span> <span class='ocrx_word' id='word_1_60' title='bbox 72 803 115 856; x_wconf 81' lang='lat' dir='ltr'><strong>Ex</strong></span> <span class='ocrx_word' id='word_1_61' title='bbox 132 806 200 856; x_wconf 87' lang='lat' dir='ltr'><strong>noto</strong></span> <span class='ocrx_word' id='word_1_62' title='bbox 216 801 310 855; x_wconf 89' lang='lat' dir='ltr'><strong>fictum</strong></span> <span class='ocrx_word' id='word_1_63' title='bbox 328 818 436 856; x_wconf 87' lang='lat' dir='ltr'><strong>carmen</strong></span> <span class='ocrx_word' id='word_1_64' title='bbox 454 817 560 870; x_wconf 88' lang='lat' dir='ltr'><strong>sequar,</strong></span> <span class='ocrx_word' id='word_1_65' title='bbox 572 804 605 854; x_wconf 89' lang='lat' dir='ltr'><strong>ut</strong></span> <span class='ocrx_word' id='word_1_66' title='bbox 623 802 675 855; x_wconf 90' lang='lat' dir='ltr'><strong>sibi</strong></span> <span class='ocrx_word' id='word_1_67' title='bbox 692 804 780 872; x_wconf 86' lang='lat' dir='ltr'><strong>quiris</strong></span> <span class='ocrx_word' id='word_1_68' title='bbox 884 819 919 859; x_wconf 79' lang='lat' dir='ltr'><strong>aso</strong></span> 
     </span>
     <span class='ocr_line' id='line_1_13' title="bbox 73 876 802 947; baseline 0.004 -16"><span class='ocrx_word' id='word_1_69' title='bbox 73 877 174 945; x_wconf 83' lang='lat' dir='ltr'><strong>Sperat</strong></span> <span class='ocrx_word' id='word_1_70' title='bbox 190 877 270 944; x_wconf 90' lang='lat' dir='ltr'><strong>idem,</strong></span> <span class='ocrx_word' id='word_1_71' title='bbox 290 876 372 930; x_wconf 88' lang='lat' dir='ltr'><strong>sudet</strong></span> <span class='ocrx_word' id='word_1_72' title='bbox 389 877 506 930; x_wconf 91' lang='lat' dir='ltr'><strong>multum</strong></span> <span class='ocrx_word' id='word_1_73' title='bbox 523 877 679 947; x_wconf 81' lang='lat' dir='ltr'><strong>frustraque</strong></span> <span class='ocrx_word' id='word_1_74' title='bbox 696 879 802 934; x_wconf 89' lang='lat' dir='ltr'><strong>laboret</strong></span> 
     </span>
     <span class='ocr_line' id='line_1_14' title="bbox 74 951 809 1021; baseline 0.005 -17"><span class='ocrx_word' id='word_1_75' title='bbox 74 953 168 1004; x_wconf 82' lang='lat' dir='ltr'><strong>Ausus</strong></span> <span class='ocrx_word' id='word_1_76' title='bbox 185 951 271 1006; x_wconf 88' lang='lat' dir='ltr'><strong>idem:</strong></span> <span class='ocrx_word' id='word_1_77' title='bbox 294 956 403 1005; x_wconf 88' lang='lat' dir='ltr'><strong>tantum</strong></span> <span class='ocrx_word' id='word_1_78' title='bbox 421 952 505 1005; x_wconf 84' lang='lat' dir='ltr'><strong>series</strong></span> <span class='ocrx_word' id='word_1_79' title='bbox 518 952 702 1021; x_wconf 74' lang='lat' dir='ltr'><strong>junctu-aque</strong></span> <span class='ocrx_word' id='word_1_80' title='bbox 719 955 809 1021; x_wconf 89' lang='lat' dir='ltr'><strong>pollet,</strong></span> 
     </span>
     <span class='ocr_line' id='line_1_15' title="bbox 74 1027 740 1096; baseline 0.005 -17"><span class='ocrx_word' id='word_1_81' title='bbox 74 1027 192 1080; x_wconf 78' lang='lat' dir='ltr'><strong>&#39;lantum</strong></span> <span class='ocrx_word' id='word_1_82' title='bbox 209 1027 245 1080; x_wconf 88' lang='lat' dir='ltr'><strong>de</strong></span> <span class='ocrx_word' id='word_1_83' title='bbox 262 1027 353 1080; x_wconf 86' lang='lat' dir='ltr'><strong>medio</strong></span> <span class='ocrx_word' id='word_1_84' title='bbox 372 1027 487 1096; x_wconf 88' lang='lat' dir='ltr'><strong>sumptis</strong></span> <span class='ocrx_word' id='word_1_85' title='bbox 505 1027 609 1080; x_wconf 88' lang='lat' dir='ltr'><strong>accedit</strong></span> <span class='ocrx_word' id='word_1_86' title='bbox 624 1027 740 1082; x_wconf 82' lang='lat' dir='ltr'><strong>honoris.</strong></span> 
     </span>
    </p>

    <p class='ocr_par' dir='ltr' id='par_1_8' title="bbox 15 1101 919 1321">
     <span class='ocr_line' id='line_1_16' title="bbox 15 1101 694 1169; baseline 0 -15"><span class='ocrx_word' id='word_1_87' title='bbox 15 1139 16 1144; x_wconf 18' lang='grc' dir='ltr'><strong>κ</strong></span> <span class='ocrx_word' id='word_1_88' title='bbox 75 1101 156 1155; x_wconf 89' lang='lat' dir='ltr'><strong>Silvis</strong></span> <span class='ocrx_word' id='word_1_89' title='bbox 174 1101 284 1154; x_wconf 89' lang='lat' dir='ltr'><strong>deducti</strong></span> <span class='ocrx_word' id='word_1_90' title='bbox 301 1106 414 1155; x_wconf 88' lang='lat' dir='ltr'><strong>caveant</strong></span> <span class='ocrx_word' id='word_1_91' title='bbox 431 1118 475 1155; x_wconf 92' lang='lat' dir='ltr'><strong>me</strong></span> <span class='ocrx_word' id='word_1_92' title='bbox 488 1101 583 1169; x_wconf 87' lang='lat' dir='ltr'><strong>judice</strong></span> <span class='ocrx_word' id='word_1_93' title='bbox 601 1101 694 1167; x_wconf 80' lang='lat' dir='ltr'><strong>Fauni,</strong></span> 
     </span>
     <span class='ocr_line' id='line_1_17' title="bbox 74 1174 919 1252; baseline 0.002 -22"><span class='ocrx_word' id='word_1_94' title='bbox 74 1176 119 1230; x_wconf 85' lang='lat' dir='ltr'><strong>Ne</strong></span> <span class='ocrx_word' id='word_1_95' title='bbox 138 1176 214 1230; x_wconf 90' lang='lat' dir='ltr'><strong>velut</strong></span> <span class='ocrx_word' id='word_1_96' title='bbox 230 1177 318 1229; x_wconf 89' lang='lat' dir='ltr'><strong>innati</strong></span> <span class='ocrx_word' id='word_1_97' title='bbox 334 1177 423 1230; x_wconf 82' lang='lat' dir='ltr'><strong>triviis</strong></span> <span class='ocrx_word' id='word_1_98' title='bbox 440 1194 472 1231; x_wconf 91' lang='lat' dir='ltr'><strong>ac</strong></span> <span class='ocrx_word' id='word_1_99' title='bbox 489 1192 575 1245; x_wconf 88' lang='lat' dir='ltr'><strong>paene</strong></span> <span class='ocrx_word' id='word_1_100' title='bbox 592 1174 714 1252; x_wconf 80' lang='lat' dir='ltr'><strong>forenses</strong></span> <span class='ocrx_word' id='word_1_101' title='bbox 813 1174 814 1178; x_wconf 67' lang='grc'>’</span> <span class='ocrx_word' id='word_1_102' title='bbox 884 1191 919 1232; x_wconf 72' lang='lat'><strong>24⁵</strong></span> 
     </span>
     <span class='ocr_line' id='line_1_18' title="bbox 75 1251 848 1321; baseline 0.003 -16"><span class='ocrx_word' id='word_1_103' title='bbox 75 1254 136 1305; x_wconf 84' lang='lat' dir='ltr'><strong>Aut</strong></span> <span class='ocrx_word' id='word_1_104' title='bbox 152 1251 265 1306; x_wconf 88' lang='lat' dir='ltr'><strong>nimium</strong></span> <span class='ocrx_word' id='word_1_105' title='bbox 282 1252 385 1305; x_wconf 88' lang='lat' dir='ltr'><strong>teneris</strong></span> <span class='ocrx_word' id='word_1_106' title='bbox 400 1252 567 1319; x_wconf 81' lang='lat' dir='ltr'><strong>juvenantur</strong></span> <span class='ocrx_word' id='word_1_107' title='bbox 584 1251 706 1305; x_wconf 88' lang='lat' dir='ltr'><strong>versibus</strong></span> <span class='ocrx_word' id='word_1_108' title='bbox 722 1269 848 1321; x_wconf 88' lang='lat' dir='ltr'><strong>unquam,</strong></span> 
     </span>
    </p>

    <p class='ocr_par' dir='ltr' id='par_1_9' title="bbox 14 1325 930 3196">
     <span class='ocr_line' id='line_1_19' title="bbox 14 1325 778 1398; baseline -0.001 -17"><span class='ocrx_word' id='word_1_109' title='bbox 14 1363 15 1398; x_wconf 53' lang='grc' dir='ltr'>ι</span> <span class='ocrx_word' id='word_1_110' title='bbox 75 1328 137 1381; x_wconf 87' lang='lat' dir='ltr'><strong>Aut</strong></span> <span class='ocrx_word' id='word_1_111' title='bbox 152 1325 293 1380; x_wconf 90' lang='lat' dir='ltr'><strong>immunda</strong></span> <span class='ocrx_word' id='word_1_112' title='bbox 309 1331 422 1395; x_wconf 87' lang='lat' dir='ltr'><strong>crepent</strong></span> <span class='ocrx_word' id='word_1_113' title='bbox 438 1326 669 1395; x_wconf 86' lang='lat' dir='ltr'><strong>ignominiosaque</strong></span> <span class='ocrx_word' id='word_1_114' title='bbox 686 1327 778 1392; x_wconf 80' lang='lat' dir='ltr'><strong>‹licta3</strong></span> 
     </span>
     <span class='ocr_line' id='line_1_20' title="bbox 75 1401 887 1471; baseline 0.001 -17"><span class='ocrx_word' id='word_1_115' title='bbox 75 1401 260 1456; x_wconf 78' lang='lat' dir='ltr'><strong>offenduntur</strong></span> <span class='ocrx_word' id='word_1_116' title='bbox 277 1402 349 1456; x_wconf 88' lang='lat' dir='ltr'><strong>enim</strong></span> <span class='ocrx_word' id='word_1_117' title='bbox 367 1402 466 1471; x_wconf 87' lang='lat' dir='ltr'><strong>quibus</strong></span> <span class='ocrx_word' id='word_1_118' title='bbox 484 1407 527 1456; x_wconf 86' lang='lat' dir='ltr'><strong>est</strong></span> <span class='ocrx_word' id='word_1_119' title='bbox 544 1418 630 1471; x_wconf 89' lang='lat' dir='ltr'><strong>equus</strong></span> <span class='ocrx_word' id='word_1_120' title='bbox 648 1405 678 1456; x_wconf 91' lang='lat' dir='ltr'><strong>et</strong></span> <span class='ocrx_word' id='word_1_121' title='bbox 694 1405 773 1471; x_wconf 88' lang='lat' dir='ltr'><strong>pater</strong></span> <span class='ocrx_word' id='word_1_122' title='bbox 790 1405 820 1456; x_wconf 87' lang='lat' dir='ltr'><strong>et</strong></span> <span class='ocrx_word' id='word_1_123' title='bbox 835 1418 887 1469; x_wconf 83' lang='lat' dir='ltr'><strong>res,</strong></span> 
     </span>
     <span class='ocr_line' id='line_1_21' title="bbox 75 1477 855 1547; baseline 0 -17"><span class='ocrx_word' id='word_1_124' title='bbox 75 1477 101 1530; x_wconf 88' lang='lat' dir='ltr'>N</span> <span class='ocrx_word' id='word_1_125' title='bbox 103 1493 143 1544; x_wconf 89' lang='lat' dir='ltr'><strong>eo,</strong></span> <span class='ocrx_word' id='word_1_126' title='bbox 160 1477 184 1530; x_wconf 95' lang='lat' dir='ltr'><strong>si</strong></span> <span class='ocrx_word' id='word_1_127' title='bbox 201 1477 269 1546; x_wconf 89' lang='lat' dir='ltr'><strong>quid</strong></span> <span class='ocrx_word' id='word_1_128' title='bbox 285 1477 359 1531; x_wconf 86' lang='lat' dir='ltr'><strong>fricti</strong></span> <span class='ocrx_word' id='word_1_129' title='bbox 376 1478 471 1531; x_wconf 88' lang='lat' dir='ltr'><strong>ciceris</strong></span> <span class='ocrx_word' id='word_1_130' title='bbox 488 1477 587 1547; x_wconf 89' lang='lat' dir='ltr'><strong>probat</strong></span> <span class='ocrx_word' id='word_1_131' title='bbox 604 1481 634 1532; x_wconf 91' lang='lat' dir='ltr'><strong>et</strong></span> <span class='ocrx_word' id='word_1_132' title='bbox 649 1478 726 1531; x_wconf 85' lang='lat' dir='ltr'><strong>nucis</strong></span> <span class='ocrx_word' id='word_1_133' title='bbox 742 1481 855 1546; x_wconf 87' lang='lat' dir='ltr'><strong>emptor,</strong></span> 
     </span>
     <span class='ocr_line' id='line_1_22' title="bbox 75 1552 918 1621; baseline -0.005 -12"><span class='ocrx_word' id='word_1_134' title='bbox 75 1552 184 1620; x_wconf 83' lang='lat' dir='ltr'><strong>Aequis</strong></span> <span class='ocrx_word' id='word_1_135' title='bbox 200 1553 337 1621; x_wconf 87' lang='lat' dir='ltr'><strong>accipiunt</strong></span> <span class='ocrx_word' id='word_1_136' title='bbox 353 1553 451 1606; x_wconf 89' lang='lat' dir='ltr'><strong>animis</strong></span> <span class='ocrx_word' id='word_1_137' title='bbox 469 1553 604 1606; x_wconf 85' lang='lat' dir='ltr'><strong>donantve</strong></span> <span class='ocrx_word' id='word_1_138' title='bbox 620 1569 725 1607; x_wconf 84' lang='lat' dir='ltr'><strong>corona</strong></span> <span class='ocrx_word' id='word_1_139' title='bbox 883 1566 918 1608; x_wconf 72' lang='lat' dir='ltr'><strong>aco</strong></span> 
     </span>
     <span class='ocr_line' id='line_1_23' title="bbox 76 1627 776 1696; baseline -0.003 -14"><span class='ocrx_word' id='word_1_140' title='bbox 76 1627 185 1695; x_wconf 79' lang='lat' dir='ltr'><strong>Syllaba</strong></span> <span class='ocrx_word' id='word_1_141' title='bbox 202 1627 284 1694; x_wconf 84' lang='lat' dir='ltr'><strong>longa</strong></span> <span class='ocrx_word' id='word_1_142' title='bbox 299 1627 377 1682; x_wconf 91' lang='lat' dir='ltr'><strong>brevi</strong></span> <span class='ocrx_word' id='word_1_143' title='bbox 395 1627 519 1695; x_wconf 81' lang='lat' dir='ltr'><strong>subjecta</strong></span> <span class='ocrx_word' id='word_1_144' title='bbox 535 1632 647 1682; x_wconf 88' lang='lat' dir='ltr'><strong>vocatur</strong></span> <span class='ocrx_word' id='word_1_145' title='bbox 663 1627 776 1696; x_wconf 88' lang='lat' dir='ltr'><strong>iambus,</strong></span> 
     </span>
     <span class='ocr_line' id='line_1_24' title="bbox 76 1701 845 1770; baseline 0.003 -14"><span class='ocrx_word' id='word_1_146' title='bbox 76 1703 131 1756; x_wconf 88' lang='lat' dir='ltr'><strong>Pes</strong></span> <span class='ocrx_word' id='word_1_147' title='bbox 148 1703 234 1766; x_wconf 87' lang='lat' dir='ltr'><strong>citus;</strong></span> <span class='ocrx_word' id='word_1_148' title='bbox 256 1703 329 1757; x_wconf 89' lang='lat' dir='ltr'><strong>unde</strong></span> <span class='ocrx_word' id='word_1_149' title='bbox 347 1703 430 1757; x_wconf 86' lang='lat' dir='ltr'><strong>etiam</strong></span> <span class='ocrx_word' id='word_1_150' title='bbox 447 1703 580 1758; x_wconf 83' lang='lat' dir='ltr'><strong>trimetris</strong></span> <span class='ocrx_word' id='word_1_151' title='bbox 596 1719 748 1757; x_wconf 89' lang='lat' dir='ltr'><strong>accrescere</strong></span> <span class='ocrx_word' id='word_1_152' title='bbox 761 1701 845 1770; x_wconf 86' lang='lat' dir='ltr'><strong>jussit</strong></span> 
     </span>
     <span class='ocr_line' id='line_1_25' title="bbox 76 1777 736 1846; baseline 0.002 -15"><span class='ocrx_word' id='word_1_153' title='bbox 76 1778 102 1832; x_wconf 87' lang='lat' dir='ltr'><strong>N</strong></span> <span class='ocrx_word' id='word_1_154' title='bbox 104 1795 186 1831; x_wconf 90' lang='lat' dir='ltr'><strong>omen</strong></span> <span class='ocrx_word' id='word_1_155' title='bbox 203 1777 325 1846; x_wconf 88' lang='lat' dir='ltr'><strong>iambeis,</strong></span> <span class='ocrx_word' id='word_1_156' title='bbox 343 1795 405 1832; x_wconf 86' lang='lat' dir='ltr'><strong>cum</strong></span> <span class='ocrx_word' id='word_1_157' title='bbox 422 1794 501 1832; x_wconf 88' lang='lat' dir='ltr'><strong>senos</strong></span> <span class='ocrx_word' id='word_1_158' title='bbox 518 1777 649 1832; x_wconf 87' lang='lat' dir='ltr'><strong>redderet</strong></span> <span class='ocrx_word' id='word_1_159' title='bbox 665 1778 736 1832; x_wconf 86' lang='lat' dir='ltr'><strong>ictus</strong></span> 
     </span>
     <span class='ocr_line' id='line_1_26' title="bbox 77 1853 886 1922; baseline 0.001 -16"><span class='ocrx_word' id='word_1_160' title='bbox 77 1853 188 1906; x_wconf 84' lang='lat' dir='ltr'><strong>Primus</strong></span> <span class='ocrx_word' id='word_1_161' title='bbox 205 1853 242 1907; x_wconf 87' lang='lat' dir='ltr'><strong>ad</strong></span> <span class='ocrx_word' id='word_1_162' title='bbox 259 1857 411 1907; x_wconf 85' lang='lat' dir='ltr'><strong>extremum</strong></span> <span class='ocrx_word' id='word_1_163' title='bbox 430 1853 524 1906; x_wconf 88' lang='lat' dir='ltr'><strong>similis</strong></span> <span class='ocrx_word' id='word_1_164' title='bbox 542 1853 601 1907; x_wconf 87' lang='lat' dir='ltr'><strong>sibi.</strong></span> <span class='ocrx_word' id='word_1_165' title='bbox 636 1854 663 1907; x_wconf 89' lang='lat' dir='ltr'>N</span> <span class='ocrx_word' id='word_1_166' title='bbox 664 1871 699 1907; x_wconf 96' lang='lat' dir='ltr'><strong>on</strong></span> <span class='ocrx_word' id='word_1_167' title='bbox 715 1854 756 1907; x_wconf 90' lang='lat' dir='ltr'><strong>ita</strong></span> <span class='ocrx_word' id='word_1_168' title='bbox 771 1853 886 1922; x_wconf 89' lang='lat' dir='ltr'><strong>pridem,</strong></span> 
     </span>
     <span class='ocr_line' id='line_1_27' title="bbox 76 1925 922 1997; baseline -0.001 -16"><span class='ocrx_word' id='word_1_169' title='bbox 76 1927 194 1981; x_wconf 78' lang='lat' dir='ltr'><strong>&#39;lardior</strong></span> <span class='ocrx_word' id='word_1_170' title='bbox 210 1930 243 1982; x_wconf 91' lang='lat' dir='ltr'><strong>ut</strong></span> <span class='ocrx_word' id='word_1_171' title='bbox 259 1929 340 1996; x_wconf 89' lang='lat' dir='ltr'><strong>paulo</strong></span> <span class='ocrx_word' id='word_1_172' title='bbox 357 1925 519 1997; x_wconf 84' lang='lat' dir='ltr'><strong>graviorque</strong></span> <span class='ocrx_word' id='word_1_173' title='bbox 536 1930 641 1982; x_wconf 87' lang='lat' dir='ltr'><strong>veniret</strong></span> <span class='ocrx_word' id='word_1_174' title='bbox 657 1929 693 1982; x_wconf 89' lang='lat' dir='ltr'><strong>ad</strong></span> <span class='ocrx_word' id='word_1_175' title='bbox 710 1944 797 1995; x_wconf 89' lang='lat' dir='ltr'><strong>aures,</strong></span> <span class='ocrx_word' id='word_1_176' title='bbox 887 1941 922 1982; x_wconf 76' lang='lat' dir='ltr'><strong>ata</strong></span> 
     </span>
     <span class='ocr_line' id='line_1_28' title="bbox 77 2003 726 2072; baseline -0.003 -15"><span class='ocrx_word' id='word_1_177' title='bbox 77 2003 221 2072; x_wconf 90' lang='lat' dir='ltr'><strong>Spondeos</strong></span> <span class='ocrx_word' id='word_1_178' title='bbox 239 2003 350 2058; x_wconf 80' lang='lat' dir='ltr'><strong>stabiles</strong></span> <span class='ocrx_word' id='word_1_179' title='bbox 367 2003 475 2072; x_wconf 82' lang='lat' dir='ltr'><strong>injure</strong></span> <span class='ocrx_word' id='word_1_180' title='bbox 490 2006 605 2071; x_wconf 88' lang='lat' dir='ltr'><strong>paterna</strong></span> <span class='ocrx_word' id='word_1_181' title='bbox 621 2003 726 2071; x_wconf 87' lang='lat' dir='ltr'><strong>recepit</strong></span> 
     </span>
     <span class='ocr_line' id='line_1_29' title="bbox 78 2076 812 2146; baseline -0.005 -13"><span class='ocrx_word' id='word_1_182' title='bbox 78 2077 245 2133; x_wconf 81' lang='lat' dir='ltr'><strong>Commodus</strong></span> <span class='ocrx_word' id='word_1_183' title='bbox 263 2082 292 2134; x_wconf 87' lang='lat' dir='ltr'><strong>et</strong></span> <span class='ocrx_word' id='word_1_184' title='bbox 308 2079 421 2146; x_wconf 86' lang='lat' dir='ltr'><strong>patiens,</strong></span> <span class='ocrx_word' id='word_1_185' title='bbox 438 2095 492 2131; x_wconf 92' lang='lat' dir='ltr'><strong>nou</strong></span> <span class='ocrx_word' id='word_1_186' title='bbox 510 2081 543 2131; x_wconf 92' lang='lat' dir='ltr'><strong>ut</strong></span> <span class='ocrx_word' id='word_1_187' title='bbox 559 2078 595 2130; x_wconf 88' lang='lat' dir='ltr'><strong>de</strong></span> <span class='ocrx_word' id='word_1_188' title='bbox 612 2077 677 2130; x_wconf 84' lang='lat' dir='ltr'><strong>sede</strong></span> <span class='ocrx_word' id='word_1_189' title='bbox 694 2076 812 2130; x_wconf 86' lang='lat' dir='ltr'><strong>secunda</strong></span> 
     </span>
     <span class='ocr_line' id='line_1_30' title="bbox 78 2151 804 2222; baseline -0.003 -16"><span class='ocrx_word' id='word_1_190' title='bbox 78 2153 201 2206; x_wconf 87' lang='lat' dir='ltr'><strong>Cederet</strong></span> <span class='ocrx_word' id='word_1_191' title='bbox 217 2157 266 2208; x_wconf 90' lang='lat' dir='ltr'><strong>aut</strong></span> <span class='ocrx_word' id='word_1_192' title='bbox 284 2158 382 2222; x_wconf 86' lang='lat' dir='ltr'><strong>quarta</strong></span> <span class='ocrx_word' id='word_1_193' title='bbox 399 2153 540 2208; x_wconf 81' lang='lat' dir='ltr'><strong>socialiter.</strong></span> <span class='ocrx_word' id='word_1_194' title='bbox 575 2151 630 2205; x_wconf 90' lang='lat' dir='ltr'><strong>Hic</strong></span> <span class='ocrx_word' id='word_1_195' title='bbox 646 2154 676 2205; x_wconf 90' lang='lat' dir='ltr'><strong>et</strong></span> <span class='ocrx_word' id='word_1_196' title='bbox 692 2152 721 2204; x_wconf 87' lang='lat' dir='ltr'><strong>iu</strong></span> <span class='ocrx_word' id='word_1_197' title='bbox 738 2151 804 2205; x_wconf 81' lang='lat' dir='ltr'><strong>Acci</strong></span> 
     </span>
     <span class='ocr_line' id='line_1_31' title="bbox 76 2226 744 2296; baseline -0.003 -14"><span class='ocrx_word' id='word_1_198' title='bbox 76 2227 226 2282; x_wconf 83' lang='lat' dir='ltr'><strong>Nobilibus</strong></span> <span class='ocrx_word' id='word_1_199' title='bbox 243 2229 375 2282; x_wconf 87' lang='lat' dir='ltr'><strong>trimetris</strong></span> <span class='ocrx_word' id='word_1_200' title='bbox 392 2230 506 2296; x_wconf 89' lang='lat' dir='ltr'><strong>apparet</strong></span> <span class='ocrx_word' id='word_1_201' title='bbox 522 2243 608 2293; x_wconf 86' lang='lat' dir='ltr'><strong>rarus,</strong></span> <span class='ocrx_word' id='word_1_202' title='bbox 626 2230 656 2280; x_wconf 88' lang='lat' dir='ltr'><strong>et</strong></span> <span class='ocrx_word' id='word_1_203' title='bbox 673 2226 744 2280; x_wconf 80' lang='lat' dir='ltr'><strong>Enni</strong></span> 
     </span>
     <span class='ocr_line' id='line_1_32' title="bbox 78 2302 926 2371; baseline 0.001 -14"><span class='ocrx_word' id='word_1_204' title='bbox 78 2304 116 2357; x_wconf 91' lang='lat' dir='ltr'><strong>In</strong></span> <span class='ocrx_word' id='word_1_205' title='bbox 134 2319 242 2357; x_wconf 87' lang='lat' dir='ltr'><strong>scenam</strong></span> <span class='ocrx_word' id='word_1_206' title='bbox 259 2304 355 2356; x_wconf 87' lang='lat' dir='ltr'><strong>missos</strong></span> <span class='ocrx_word' id='word_1_207' title='bbox 373 2320 434 2358; x_wconf 90' lang='lat' dir='ltr'><strong>cum</strong></span> <span class='ocrx_word' id='word_1_208' title='bbox 451 2319 549 2370; x_wconf 86' lang='lat' dir='ltr'><strong>magno</strong></span> <span class='ocrx_word' id='word_1_209' title='bbox 566 2302 688 2371; x_wconf 89' lang='lat' dir='ltr'><strong>pondere</strong></span> <span class='ocrx_word' id='word_1_210' title='bbox 704 2319 798 2359; x_wconf 88' lang='lat' dir='ltr'><strong>versus</strong></span> <span class='ocrx_word' id='word_1_211' title='bbox 892 2325 926 2364; x_wconf 83' lang='lat' dir='ltr'><strong>mo</strong></span> 
     </span>
     <span class='ocr_line' id='line_1_33' title="bbox 79 2377 771 2446; baseline 0.001 -14"><span class='ocrx_word' id='word_1_212' title='bbox 79 2381 142 2432; x_wconf 87' lang='lat' dir='ltr'><strong>Aut</strong></span> <span class='ocrx_word' id='word_1_213' title='bbox 160 2394 258 2446; x_wconf 88' lang='lat' dir='ltr'><strong>operae</strong></span> <span class='ocrx_word' id='word_1_214' title='bbox 275 2379 371 2432; x_wconf 87' lang='lat' dir='ltr'><strong>celeris</strong></span> <span class='ocrx_word' id='word_1_215' title='bbox 387 2379 501 2431; x_wconf 89' lang='lat' dir='ltr'><strong>nimium</strong></span> <span class='ocrx_word' id='word_1_216' title='bbox 518 2394 637 2446; x_wconf 79' lang='lat' dir='ltr'><strong>miraque</strong></span> <span class='ocrx_word' id='word_1_217' title='bbox 654 2377 771 2433; x_wconf 81' lang='lat' dir='ltr'><strong>carentis</strong></span> 
     </span>
     <span class='ocr_line' id='line_1_34' title="bbox 79 2453 732 2522; baseline -0.005 -13"><span class='ocrx_word' id='word_1_218' title='bbox 79 2455 143 2509; x_wconf 79' lang='lat' dir='ltr'><strong>Aut</strong></span> <span class='ocrx_word' id='word_1_219' title='bbox 160 2453 300 2521; x_wconf 85' lang='lat' dir='ltr'><strong>ignoratae</strong></span> <span class='ocrx_word' id='word_1_220' title='bbox 317 2454 418 2522; x_wconf 90' lang='lat' dir='ltr'><strong>premit</strong></span> <span class='ocrx_word' id='word_1_221' title='bbox 435 2454 502 2507; x_wconf 89' lang='lat' dir='ltr'><strong>artis</strong></span> <span class='ocrx_word' id='word_1_222' title='bbox 519 2453 632 2506; x_wconf 86' lang='lat' dir='ltr'><strong>crimine</strong></span> <span class='ocrx_word' id='word_1_223' title='bbox 649 2454 732 2520; x_wconf 88' lang='lat' dir='ltr'><strong>turpi.</strong></span> 
     </span>
     <span class='ocr_line' id='line_1_35' title="bbox 78 2527 791 2597; baseline -0.006 -14"><span class='ocrx_word' id='word_1_224' title='bbox 78 2530 146 2583; x_wconf 84' lang='lat' dir='ltr'><strong>Non</strong></span> <span class='ocrx_word' id='word_1_225' title='bbox 164 2529 252 2597; x_wconf 90' lang='lat' dir='ltr'><strong>quivis</strong></span> <span class='ocrx_word' id='word_1_226' title='bbox 269 2529 346 2582; x_wconf 86' lang='lat' dir='ltr'><strong>videt</strong></span> <span class='ocrx_word' id='word_1_227' title='bbox 362 2527 539 2584; x_wconf 86' lang='lat' dir='ltr'><strong>immodulata</strong></span> <span class='ocrx_word' id='word_1_228' title='bbox 556 2531 682 2596; x_wconf 70' lang='lat' dir='ltr'><strong>poemata</strong></span> <span class='ocrx_word' id='word_1_229' title='bbox 695 2527 791 2594; x_wconf 79' lang='lat' dir='ltr'><strong>judex,</strong></span> 
     </span>
     <span class='ocr_line' id='line_1_36' title="bbox 79 2601 748 2668; baseline -0.004 -11"><span class='ocrx_word' id='word_1_230' title='bbox 79 2604 120 2657; x_wconf 87' lang='lat' dir='ltr'><strong>Et</strong></span> <span class='ocrx_word' id='word_1_231' title='bbox 137 2604 205 2664; x_wconf 84' lang='lat' dir='ltr'><strong>data</strong></span> <span class='ocrx_word' id='word_1_232' title='bbox 222 2603 353 2658; x_wconf 86' lang='lat' dir='ltr'><strong>Romanis</strong></span> <span class='ocrx_word' id='word_1_233' title='bbox 369 2603 448 2658; x_wconf 87' lang='lat' dir='ltr'><strong>venia</strong></span> <span class='ocrx_word' id='word_1_234' title='bbox 465 2606 510 2656; x_wconf 87' lang='lat' dir='ltr'><strong>est</strong></span> <span class='ocrx_word' id='word_1_235' title='bbox 525 2603 637 2668; x_wconf 80' lang='lat' dir='ltr'><strong>indigna</strong></span> <span class='ocrx_word' id='word_1_236' title='bbox 653 2601 748 2668; x_wconf 78' lang='lat' dir='ltr'><strong>poetis.</strong></span> 
     </span>
     <span class='ocr_line' id='line_1_37' title="bbox 80 2677 929 2747; baseline 0.001 -14"><span class='ocrx_word' id='word_1_237' title='bbox 80 2679 226 2733; x_wconf 87' lang='lat' dir='ltr'><strong>Idcircone</strong></span> <span class='ocrx_word' id='word_1_238' title='bbox 243 2695 327 2747; x_wconf 82' lang='lat' dir='ltr'><strong>vager</strong></span> <span class='ocrx_word' id='word_1_239' title='bbox 345 2679 516 2746; x_wconf 88' lang='lat' dir='ltr'><strong>scribamque</strong></span> <span class='ocrx_word' id='word_1_240' title='bbox 533 2677 661 2730; x_wconf 86' lang='lat' dir='ltr'><strong>licenterl</strong></span> <span class='ocrx_word' id='word_1_241' title='bbox 684 2691 720 2728; x_wconf 90' lang='lat' dir='ltr'><strong>an</strong></span> <span class='ocrx_word' id='word_1_242' title='bbox 737 2692 831 2732; x_wconf 87' lang='lat' dir='ltr'><strong>omncs</strong></span> <span class='ocrx_word' id='word_1_243' title='bbox 895 2693 929 2734; x_wconf 77' lang='lat' dir='ltr'><strong>vos</strong></span> 
     </span>
     <span class='ocr_line' id='line_1_38' title="bbox 80 2751 754 2823; baseline -0.007 -16"><span class='ocrx_word' id='word_1_244' title='bbox 80 2755 201 2808; x_wconf 87' lang='lat' dir='ltr'><strong>Visuros</strong></span> <span class='ocrx_word' id='word_1_245' title='bbox 217 2759 329 2823; x_wconf 86' lang='lat' dir='ltr'><strong>peccata</strong></span> <span class='ocrx_word' id='word_1_246' title='bbox 345 2758 439 2822; x_wconf 90' lang='lat' dir='ltr'><strong>putem</strong></span> <span class='ocrx_word' id='word_1_247' title='bbox 457 2769 525 2818; x_wconf 85' lang='lat' dir='ltr'><strong>mea,</strong></span> <span class='ocrx_word' id='word_1_248' title='bbox 542 2755 619 2805; x_wconf 88' lang='lat' dir='ltr'><strong>tutus</strong></span> <span class='ocrx_word' id='word_1_249' title='bbox 635 2753 665 2803; x_wconf 88' lang='lat' dir='ltr'><strong>et</strong></span> <span class='ocrx_word' id='word_1_250' title='bbox 681 2751 754 2803; x_wconf 87' lang='lat' dir='ltr'><strong>intra</strong></span> 
     </span>
     <span class='ocr_line' id='line_1_39' title="bbox 81 2825 807 2898; baseline -0.008 -14"><span class='ocrx_word' id='word_1_251' title='bbox 81 2830 168 2898; x_wconf 89' lang='lat' dir='ltr'><strong>Spem</strong></span> <span class='ocrx_word' id='word_1_252' title='bbox 185 2830 281 2884; x_wconf 88' lang='lat' dir='ltr'><strong>veniae</strong></span> <span class='ocrx_word' id='word_1_253' title='bbox 298 2831 410 2884; x_wconf 77' lang='lat' dir='ltr'><strong>cautus?</strong></span> <span class='ocrx_word' id='word_1_254' title='bbox 444 2828 539 2884; x_wconf 80' lang='lat' dir='ltr'><strong>Vitari</strong></span> <span class='ocrx_word' id='word_1_255' title='bbox 556 2826 673 2892; x_wconf 90' lang='lat' dir='ltr'><strong>denique</strong></span> <span class='ocrx_word' id='word_1_256' title='bbox 692 2825 807 2894; x_wconf 87' lang='lat' dir='ltr'><strong>culpam,</strong></span> 
     </span>
     <span class='ocr_line' id='line_1_40' title="bbox 81 2901 785 2970; baseline -0.009 -11"><span class='ocrx_word' id='word_1_257' title='bbox 81 2905 148 2959; x_wconf 89' lang='lat' dir='ltr'><strong>Non</strong></span> <span class='ocrx_word' id='word_1_258' title='bbox 165 2905 276 2959; x_wconf 90' lang='lat' dir='ltr'><strong>laudem</strong></span> <span class='ocrx_word' id='word_1_259' title='bbox 293 2905 388 2959; x_wconf 85' lang='lat' dir='ltr'><strong>merui.</strong></span> <span class='ocrx_word' id='word_1_260' title='bbox 422 2903 481 2958; x_wconf 84' lang='lat' dir='ltr'><strong>Vos</strong></span> <span class='ocrx_word' id='word_1_261' title='bbox 499 2901 664 2970; x_wconf 84' lang='lat' dir='ltr'><strong>exemplaria</strong></span> <span class='ocrx_word' id='word_1_262' title='bbox 682 2901 785 2955; x_wconf 85' lang='lat' dir='ltr'><strong>Graeca</strong></span> 
     </span>
     <span class='ocr_line' id='line_1_41' title="bbox 81 2976 702 3044; baseline -0.01 -10"><span class='ocrx_word' id='word_1_263' title='bbox 81 2981 227 3034; x_wconf 87' lang='lat' dir='ltr'><strong>Nocturna</strong></span> <span class='ocrx_word' id='word_1_264' title='bbox 243 2984 351 3034; x_wconf 88' lang='lat' dir='ltr'><strong>versate</strong></span> <span class='ocrx_word' id='word_1_265' title='bbox 367 2996 457 3044; x_wconf 87' lang='lat' dir='ltr'><strong>manu,</strong></span> <span class='ocrx_word' id='word_1_266' title='bbox 475 2982 581 3034; x_wconf 86' lang='lat' dir='ltr'><strong>versate</strong></span> <span class='ocrx_word' id='word_1_267' title='bbox 599 2976 702 3030; x_wconf 82' lang='lat' dir='ltr'><strong>diurna</strong></span> 
     </span>
     <span class='ocr_line' id='line_1_42' title="bbox 82 3053 930 3124; baseline -0.004 -15"><span class='ocrx_word' id='word_1_268' title='bbox 82 3059 126 3110; x_wconf 83' lang='lat' dir='ltr'><strong>At</strong></span> <span class='ocrx_word' id='word_1_269' title='bbox 144 3055 230 3109; x_wconf 84' lang='lat' dir='ltr'><strong>vestri</strong></span> <span class='ocrx_word' id='word_1_270' title='bbox 247 3056 341 3124; x_wconf 87' lang='lat' dir='ltr'><strong>proavi</strong></span> <span class='ocrx_word' id='word_1_271' title='bbox 360 3055 500 3108; x_wconf 79' lang='lat' dir='ltr'><strong>Plautinos</strong></span> <span class='ocrx_word' id='word_1_272' title='bbox 518 3057 548 3107; x_wconf 88' lang='lat' dir='ltr'><strong>et</strong></span> <span class='ocrx_word' id='word_1_273' title='bbox 564 3067 691 3106; x_wconf 88' lang='lat' dir='ltr'><strong>numeros</strong></span> <span class='ocrx_word' id='word_1_274' title='bbox 707 3053 737 3106; x_wconf 93' lang='lat' dir='ltr'><strong>et</strong></span> <span class='ocrx_word' id='word_1_275' title='bbox 895 3067 930 3110; x_wconf 75' lang='lat' dir='ltr'><strong>aro</strong></span> 
     </span>
     <span class='ocr_line' id='line_1_43' title="bbox 83 3128 808 3196; baseline -0.004 -10"><span class='ocrx_word' id='word_1_276' title='bbox 83 3130 248 3186; x_wconf 84' lang='lat' dir='ltr'><strong>Laudavere</strong></span> <span class='ocrx_word' id='word_1_277' title='bbox 266 3129 350 3185; x_wconf 86' lang='lat' dir='ltr'><strong>sales:</strong></span> <span class='ocrx_word' id='word_1_278' title='bbox 374 3129 488 3184; x_wconf 88' lang='lat' dir='ltr'><strong>nimium</strong></span> <span class='ocrx_word' id='word_1_279' title='bbox 505 3128 644 3196; x_wconf 88' lang='lat' dir='ltr'><strong>patienter</strong></span> <span class='ocrx_word' id='word_1_280' title='bbox 660 3130 808 3196; x_wconf 86' lang='lat' dir='ltr'><strong>utrumque</strong></span> 
     </span>
    </p>
   </div>
   <div class='ocr_carea' id='block_1_4' title="bbox 0 0 1039 3416">
    <p class='ocr_par' dir='ltr' id='par_1_10' title="bbox 0 0 1039 3416">
     <span class='ocr_line' id='line_1_44' title="bbox 0 0 1039 3416; baseline 0 0"><span class='ocrx_word' id='word_1_281' title='bbox 0 0 1039 3416; x_wconf 95' lang='lat' dir='ltr'><strong> </strong></span> 
     </span>
    </p>
   </div>
  </div>
 </body>
</html>
