2008 3416
381 113 536 164 nortem
551 112 684 163 FLAGOI

213 195 337 248 Exsueoa
353 193 395 248 uti
412 193 532 247 medulla
549 195 579 248 et
596 192 705 247 aridum
718 193 800 262 jecur

247 269 358 324 Amoris
376 272 449 322 esset
464 268 599 336 poculum,

216 344 397 398 Interminato
414 360 476 397 eum
494 343 578 396 semel
595 343 666 396 fixae
683 342 744 398 cibo

249 419 436 472 Intabuiseent
452 417 577 486 papulae.

213 494 240 549 N
242 510 276 548 on
294 493 413 550 defuisse
431 493 567 547 masculae
583 491 706 546 libidinis

248 569 451 624 Ariminensem
470 568 573 622 Foliam

215 645 253 700 ut
270 644 357 699 etiosa
374 643 493 698 eredidit
510 644 640 714 Neapolis

248 720 287 774 dt
304 736 384 774 omne
401 719 519 773 vicinum
537 719 675 789 oppidum,
991 788 992 794 ἵ

215 795 292 860 Quee
309 794 399 848 sidera
417 798 561 849 excantata
577 811 642 850 voce
661 793 789 850 Thessala
930 814 956 854 es
991 805 992 808 ’

249 870 408 938 Lunamque
426 869 499 923 eaelo
517 869 626 939 deripit

215 945 270 1000 Hie
286 945 446 998 irreseetum
464 961 545 998 saeva
561 944 644 998 dente
661 943 750 998 livido

250 1019 363 1074 Canidia
379 1019 479 1075 rodens
495 1019 619 1089 pollioem

217 1096 291 1162 Quid
308 1097 379 1150 dixit
396 1099 444 1151 aut
462 1095 530 1164 quid
546 1095 652 1150 taeuitl
688 1093 733 1148 “O
750 1094 834 1150 rebus
850 1094 919 1150 meis

249 1172 313 1226 Non
328 1171 451 1226 infideles
469 1171 598 1240 arbitrae,
940 1185 968 1227 eo

216 1245 279 1300 Nox
295 1250 325 1301 et
342 1246 431 1300 Diana
447 1263 517 1316 quee
535 1246 673 1302 silentium
689 1245 763 1314 regis

250 1324 360 1376 Arcana
376 1338 438 1377 eum
455 1323 527 1376 fiunt
545 1339 628 1390 saera,

216 1395 393 1464 Numanum
410 1397 512 1466 adeste,
530 1414 602 1452 nunc
618 1397 647 1450 in
664 1396 776 1450 hostiles
793 1395 889 1453 domos

251 1472 325 1526 Iram
342 1476 426 1543 atque
442 1489 543 1527 numen
559 1470 675 1526 vertite!

217 1547 410 1604 Formidolosis
427 1549 494 1602 dum
510 1549 597 1603 latent
614 1547 689 1602 silvis
705 1547 782 1602 ferae
941 1563 968 1604 ⁵⁵

251 1625 331 1679 Dulei
349 1640 445 1694 sopore
462 1624 613 1692 languidae,

217 1697 323 1764 Senem,
341 1698 415 1767 quod
432 1713 525 1752 omnes
542 1698 657 1767 rideant,
675 1696 831 1752 adulterum

251 1773 365 1826 Latrent
382 1771 541 1827 Suburanae
558 1789 639 1828 eanes

218 1846 313 1900 Nardo
329 1850 498 1914 perunctum,
516 1850 597 1918 quale
613 1865 667 1903 non
684 1849 833 1919 perfectius

251 1920 330 1974 Meae
347 1920 497 1975 laborarint
514 1937 650 1979 manua·
902 1970 907 1978 .

217 1991 290 2061 Quid
306 1995 424 2052 aeeiditi
460 1996 516 2051 Our
533 1999 594 2054 dira
609 1999 743 2054 barbarae
759 1999 849 2052 minus

249 2071 363 2126 Venena
380 2071 496 2127 Medeae
513 2074 636 2136 valenti:
777 2075 783 2086 ‘

217 2146 321 2210 Quibus
338 2148 482 2217 superbam
499 2149 571 2218 fugit
587 2149 646 2204 ulta
662 2150 791 2220 pellicem,

190 2241 200 2262 ο
250 2221 344 2290 Magni
362 2223 487 2277 Creontis
504 2225 595 2293 filiam,

216 2294 286 2350 (lum
302 2297 380 2364 polle,
397 2297 462 2351 tabo
479 2315 576 2353 munus
593 2299 735 2369 imbutum,
751 2315 849 2354 novam

250 2369 382 2423 incendio
398 2376 513 2440 nuptam
530 2373 651 2430 abstulit

216 2445 305 2512 Atqui
322 2461 373 2499 nee
389 2445 475 2502 herba
491 2465 542 2503 nec
559 2450 646 2504 latens
662 2450 692 2504 in
708 2449 812 2519 asperis

252 2519 342 2573 Radix
359 2521 457 2576 fefellit
473 2539 518 2576 me
534 2524 607 2579 loeis.

216 2593 352 2648 Indormit
369 2595 459 2649 unetis
476 2599 596 2653 omnium
613 2598 748 2653 eubilibus

250 2669 391 2724 Obliviooe
408 2670 579 2738 pellicum.-

214 2744 262 2799 Ah
280 2745 331 2798 ah!
351 2744 456 2798 solutus
473 2746 595 2801 ambulat
611 2749 747 2806 venefieae
849 2797 853 2802 .

249 2820 406 2874 Seientioris
424 2821 548 2874 earmina

214 2893 277 2948 Non
294 2894 410 2964 imitatis,
429 2894 509 2963 Vere,
527 2897 690 2968 potionibus,

249 2967 273 3020 Ο
291 2969 377 3023 multa
393 2970 523 3024 fleturum
540 2977 629 3041 eaput,

215 3041 263 3094 Ad
279 3058 324 3095 me
341 3059 473 3111 recurres,
491 3061 541 3098 nee
557 3051 653 3100 voeata
668 3061 746 3103 mens
762 3051 812 3105 tua

248 3112 348 3166 Marsis
364 3115 468 3170 redibit
484 3118 608 3174 vocibus:
