2044 3416
327 64 584 118 EPISTOLARUM
601 66 624 117 Ι.
646 67 683 119 17.
883 70 928 121 its

457 201 553 274 run.

14 365 15 368 Ἴ
59 300 215 366 Quium,
234 299 343 365 Scaeva,
363 297 430 352 satis
446 313 497 367 per
513 301 542 352 te
560 297 611 352 tibi
629 297 756 366 consulis,
774 299 804 352 et
822 299 876 353 scis

14 383 15 386 ’
60 377 126 439 Quo
144 375 267 428 tandem
284 377 365 443 pacto
383 373 480 428 deceat
496 373 647 441 majoribus
665 374 715 439 uti,

60 451 160 518 Disce,
180 449 323 504 docendus
341 449 437 517 adbuc,
456 466 526 518 quae
544 453 638 503 censet
655 449 793 517 amiculus,
810 452 843 504 ut
860 449 883 503 si

60 527 179 579 Caecus
198 524 255 577 iter
271 528 425 578 monstrare
442 525 523 591 velit;
541 529 635 578 tamma
654 523 766 593 adspice
784 525 807 578 si
826 525 892 594 quid

61 600 102 654 Et
122 615 180 652 nos
199 598 275 667 quod
292 615 371 652 eures
387 601 528 668 proprium
545 600 642 654 fecisse
660 599 810 667 loquamur.
916 615 928 654 s

61 675 94 727 Si
114 678 148 727 te
167 677 251 742 gratu
268 673 346 742 quies
364 678 393 728 et
410 676 525 764 primam
544 690 654 730 somnus
673 673 702 727 iu
719 674 814 729 horem

62 750 253 816 Delectat,
231 767 255 803 si
271 755 301 804 ιι
319 750 409 819 pulvis
427 753 613 821 strepitusque
631 753 761 820 rotarum,

62 826 96 879 Si
116 825 210 879 laedit
228 841 356 893 caupona,
376 826 580 882 Ferentinum
572 844 613 881 ire
628 825 747 895 jubebo;

62 901 92 953 N
94 917 145 954 am
164 917 258 970 nequo
275 900 409 956 divitibus
426 904 589 992 contingunt
606 902 706 972 gaudia
723 902 795 971 solis,

64 977 131 1030 Nec
149 977 223 1030 vixit
242 977 312 1031 male
330 977 378 1046 qui
395 982 477 1034 uatus
494 980 672 1047 moriensque
683 977 788 1036 fefellit.
903 990 926 1032 ro

64 1052 97 1105 Si
117 1051 254 1120 prodesse
272 1053 328 1108 tuis
345 1054 481 1123 pauloque
499 1053 669 1122 benignius'
661 1069 750 1121 ipsum

65 1128 110 1180 Te
128 1131 253 1182 tractare
270 1127 353 1196 voles,
372 1130 486 1183 accedes
504 1130 591 1183 siccus
608 1128 645 1182 ad
662 1144 714 1182 uuc
716 1130 780 1181 tum.

65 1203 124 1256 “Si
142 1201 296 1271 pranderet
313 1203 437 1258 olust
390 1221 425 1274 pa
425 1205 528 1264 tientcr
546 1204 657 1273 regibus
675 1203 717 1257 uti

64 1278 170 1331 Nollet
189 1279 277 1332 Arist'
256 1279 370 1346 t’1.ppus
407 1280 459 1334 “Si
478 1280 560 1334 sciret
577 1279 746 1347 regibusr
705 1277 746 1332 uti

67 1353 228 1407 Fastidiret
244 1353 303 1408 olus
321 1355 369 1423 qui
386 1371 430 1410 me
447 1351 547 1409 notatss’
585 1355 682 1409 Utrius
701 1354 799 1408 horum
902 1365 924 1407 ιι

68 1427 171 1482 Verba
187 1427 287 1498 probes
305 1433 335 1484 et
351 1430 406 1484 fac
394 1434 423 1484 ι
441 1430 516 1496 doce,
535 1429 604 1484 vel'
591 1430 687 1499 Junior
702 1429 766 1483 audi

66 1505 129 1558 Cur
148 1503 342 1574 sit-Aristippi
359 1506 451 1574 potior
467 1506 616 1571 sententis3
633 1521 750 1573 namque

66 1578 235 1633 Mordacem
254 1580 384 1648 Cynicum
400 1581 439 1635 sic
456 1581 592 1650 eludebat,
609 1584 641 1634 ut
658 1581 748 1633 aiunt:

66 1656 83 1681 ‘⁶
93 1654 215 1708 Scurror
232 1671 284 1724 ogo
301 1656 361 1724 ipse
378 1656 452 1724 mibi,
469 1657 570 1726 populo
587 1661 633 1722 tu;
651 1655 752 1709 rectius
768 1653 820 1708 hoc
838 1656 868 1709 et

66 1730 253 1798 splendidius
264 1731 350 1785 multo
362 1735 411 1786 ιιι
436 1733 530 1799 Equus
541 1735 574 1785 ut
585 1749 630 1786 me
637 1733 738 1800 portet,
751 1729 808 1783 alat
819 1745 877 1794 rex,
899 1747 923 1786 eo

67 1805 201 1859 Officium
217 1805 298 1860 focio:
317 1810 349 1860 ιιι
366 1808 455 1875 poscis
472 1807 536 1860 vilia
553 1824 653 1874 rerum,

66 1883 168 1937 Dante
185 1882 273 1938 minor
292 1884 415 1952 quamvis
434 1884 490 1937 fers
506 1887 536 1937 te
555 1883 655 1936 nullius
672 1880 822 1950 egentem.’'

67 1959 171 2012 Omnis
189 1959 362 2028 Aristippum
380 1959 473 2012 decuit
490 1958 563 2014 color
582 1963 611 2013 ιι
630 1961 718 2011 status
736 1961 766 2010 ιι
783 1972 835 2023 res,

66 2036 238 2088 Tentantem
254 2035 365 2103 majora,
384 2035 442 2088 fere
459 2034 649 2104 praesentibus
666 2048 791 2099 acquum.

66 2111 177 2164 Contra
196 2127 277 2178 quem
295 2110 397 2178 duplici
413 2117 504 2180 panno
520 2109 653 2179 patientia
671 2107 743 2160 velat
898 2121 922 2160 ιι

67 2185 197 2239 Mirabor
213 2187 286 2239 uitae
304 2186 348 2239 via
365 2187 389 2240 si
406 2198 536 2240 conversa
553 2184 670 2238 decebit.

67 2261 157 2315 Alter
172 2273 342 2330 purpureum¹
357 2277 411 2315 non
429 2259 598 2329 exspectabit
616 2259 754 2326 amictum,

68 2336 216 2400 Quidlibet
231 2337 345 2390 indutus
363 2336 540 2390 celeberrima
557 2351 607 2403 per
623 2335 683 2388 loca
700 2335 790 2402 vadet,

67 2412 275 2480 Personamquc
292 2413 365 2466 feret
381 2427 436 2464 non
453 2411 628 2478 inconcinnus
645 2415 791 2478 utramque
799 2427 808 2471 ;

67 2488 156 2541 Alter
173 2487 263 2540 Mileti
280 2491 387 2542 textum
404 2503 470 2541 caue
487 2485 565 2555 pejus
583 2488 612 2540 et
630 2485 711 2552 auguri
896 2499 920 2538 ao

66 2561 181 2616 vitabit
198 2562 374 2632 chlamydem,
393 2564 527 2616 morietur
544 2562 646 2628 frigore
664 2561 687 2613 si
705 2575 758 2611 non

67 2637 225 2693 Rettuleris
242 2655 368 2706 pannum.
404 2638 490 2691 Refer
507 2640 537 2690 ct
553 2637 611 2689 sine
628 2635 702 2688 vivat
719 2634 838 2701 ineptus.

67 2715 128 2769 Res
146 2730 243 2782 gerere
262 2717 292 2768 et
309 2719 401 2783 captos
419 2713 564 2767 ostendere
581 2710 684 2764 civibus
701 2709 794 2762 hostes

67 2789 311 2858 Attingitsolium
329 2791 406 2844 Jovis
424 2792 453 2842 et
470 2787 601 2842 caelestia
618 2788 719 2839 tentat:

68 2864 247 2934 Principibus
263 2865 396 2934 placuisse
414 2862 480 2917 viris
497 2879 551 2916 non
570 2860 666 2914 ultima
682 2859 741 2913 laus
759 2861 808 2914 est.
900 2875 923 2916 ιι

69 2941 135 2996 Νοιι
153 2941 238 2994 cuivis
255 2940 358 2994 homini
376 2939 509 3006 contingit
527 2937 604 2990 adire
623 2935 790 2991 Corinthum.
892 2997 896 3004 Ι

69 3016 152 3070 Sedit
170 3016 218 3084 qui
235 3015 328 3069 timuit
345 3031 380 3068 ne
397 3029 452 3073 non
470 3013 635 3066 succederet.
671 3011 751 3065 Esto!

70 3091 148 3156 Quid
165 3092 213 3158 qul
230 3091 361 3158 pervenit,
378 3089 478 3142 fecitne
495 3088 626 3142 viriliter?
663 3087 750 3156 Atqui

113 3163 143 3207 15
