2008 3416
279 133 485 184 cARMINUM
502 135 553 185 111.
572 137 612 185 25.
839 139 870 186 63

154 218 206 273 Vel
222 232 273 270 nos
293 215 322 268 iu
339 231 415 270 mare
432 215 586 283 proximum

187 293 320 347 Gemmas
337 293 366 344 er
382 290 489 360 lapides
506 307 603 344 aurum
622 294 651 344 et
668 291 772 362 inutile,

153 367 257 424 Summi
276 366 420 419 materiem
437 365 510 432 mali,

186 443 334 496 Mittamus
352 441 487 496 scelerum
505 438 616 494 sibene
634 442 764 510 poenitet.
845 462 869 502 oo

153 517 301 572 ffiadanda
318 516 455 584 cupidinis

187 594 269 646 Pravi
287 594 354 646 snut
370 591 513 658 elementa
532 592 562 646 ei
579 593 692 645 tenerae
709 593 791 648 nimis

152 668 262 723 Montes
280 665 466 736 asperioribus
644 681 647 688 ’

187 743 359 797 Formandae
377 740 485 795 auidiis.
520 741 615 796 Nescit
633 759 703 812 equo
720 743 797 798 rudis

153 816 277 872 Haerere
294 819 429 886 ingenuus
446 831 516 885 puer
839 833 868 874 ss

186 893 344 962 Venerique
361 893 451 959 timet,
469 891 566 946 ludere
584 891 697 960 doctior,

152 967 207 1022 Seu
225 968 331 1022 Graeco
343 967 444 1036 jubeas
462 967 558 1021 trocho

186 1043 241 1097 Seu
258 1043 336 1097 malis
353 1043 440 1097 vetita
456 1043 565 1110 legibus
582 1041 649 1112 alea,

153 1117 223 1172 (ium
239 1119 353 1188 perjura
369 1117 458 1188 patris
477 1119 547 1171 fides

187 1194 348 1248 Oonsortem
366 1193 470 1248 socium
487 1194 565 1248 fallat
582 1195 613 1248 et
629 1192 765 1264 hospitem
842 1211 866 1252 eo

153 1268 325 1338 indignoque
342 1268 486 1338 pecuniam

185 1344 292 1398 Heredi
309 1348 472 1413 properea'‘'
481 1344 591 1399 Scilicet
607 1344 748 1416 improbae

152 1419 286 1474 Crescunt
303 1419 434 1486 divitiae;
454 1424 547 1474 tamen

184 1494 286 1549 Curiae
302 1495 393 1549 nescio
410 1496 478 1564 quid
495 1511 605 1565 semper
621 1496 701 1551 abest
718 1501 766 1552 rei.

149 1716 210 1782 Quo
227 1733 280 1784 me,
301 1716 416 1784 Bacche,
434 1718 508 1787 rapis
524 1719 566 1772 tui

184 1793 317 1850 Plenumi
329 1810 400 1862 quae
408 1809 520 1847 nemora
526 1797 574 1847 aut
581 1809 650 1862 quos
656 1794 756 1863 agor-in
765 1809 862 1864 specus

147 1865 236 1922 Velox
254 1872 348 1922 mente
365 1870 454 1923 noval
471 1869 570 1938 quibus

185 1945 283 1998 Aniris
301 1943 406 2012 egregii
425 1945 549 1998 Caesaris
566 1945 661 1999 audiar

149 2019 302 2072 Aeternum
318 2019 455 2074 meditans
473 2020 556 2074 decus
851 2036 863 2076 s

182 2094 275 2148 stellis
292 2096 413 2149 inserere
431 2099 460 2149 et
477 2095 587 2149 consilio
605 2095 625 2148 J
627 2094 705 2151 ovisl

117 2223 122 2230 ,
147 2167 244 2223 Dimm
262 2171 368 2238 insigne
386 2187 481 2224 recens
498 2171 588 2224 adhuc

182 2245 320 2300 Indicium
338 2263 386 2298 ore
402 2245 462 2301 alio.
497 2246 524 2298 N
525 2262 561 2298 on
578 2261 656 2299 secus
673 2245 702 2299 in
714 2246 791 2316 jugis

148 2319 293 2374 Exsomnis
312 2324 405 2389 stupea
423 2321 506 2374 Euias

182 2395 309 2448 Hebrum
326 2396 494 2464 prospiciens
512 2399 542 2450 ci
558 2395 621 2450 nive
639 2397 787 2452 candidam
841 2420 862 2452 ro

146 2467 270 2524 Thracen
287 2487 319 2524 ae
335 2472 407 2539 pede
424 2470 551 2524 barbaro'

180 2545 338 2600 Lustratum
357 2545 516 2615 Rhodopen,
533 2549 566 2600 ut
582 2547 650 2600 mihi
667 2546 747 2601 devio

147 2617 233 2688 Ripae
251 2625 282 2674 et
298 2637 414 2674 vacuum
431 2637 529 2674 nemus

180 2695 278 2749 Mirari
294 2696 371 2751 libet.
406 2696 430 2749 0
449 2695 588 2751 Naiadum
605 2699 703 2765 potens

149 2767 373 2840 Baccharumque
390 2772 539 2826 valentium
686 2809 689 2816 -
838 2785 861 2826 ro

180 2845 311 2900 Proceras
328 2847 453 2900 manibus
470 2851 579 2900 verlere
596 2845 723 2913 fraxinos,

146 2918 192 2972 Nil
209 2937 325 2988 parvum
342 2926 391 2976 aut
408 2922 504 2975 humili
521 2921 610 2988 mode,

179 2995 227 3048 Nil
244 2997 359 3050 mortale
376 2997 478 3066 loquar.
513 2995 600 3049 Dulce
617 2994 769 3064 perieulum
786 2999 835 3064 esi,

146 3067 170 3122 0
189 3070 305 3139 Lenaee,
324 3072 403 3140 sequi
421 3072 503 3126 deum

98 3175 103 3186 ·
180 3145 345 3212 cingent-em
362 3145 444 3198 viridi
461 3149 587 3212 aempora
602 3146 737 3213 pampino.
835 3160 859 3200 aa
