2008 3416
324 68 540 118 SATIRARUM
557 69 595 118 Π,
614 70 637 118 3.
858 66 903 115 139

44 147 79 201 Νι
96 148 139 203 sic
158 148 296 205 fecissent
316 147 499 216 gladiatorum
517 148 584 202 dere
601 151 710 202 eentum
877 169 903 208 ⁸5

44 222 178 278 Damnati
196 224 302 293 populo
318 223 396 293 paria
413 227 496 293 atque
514 225 624 293 epulum
641 223 756 278 arbitrio
774 223 848 293 Arri,

45 297 192 354 Frumenti
212 303 345 368 quantum
364 300 446 354 metit
464 300 566 354 Africa
601 300 665 354 Sive
683 316 734 368 ego
751 315 836 366 prave

44 375 95 428 Seu
113 379 198 429 recte
217 374 271 429 hoc
288 374 369 443 volui,
386 392 422 430 ue
440 375 477 428 sis
493 379 608 444 patruus
624 375 699 429 mihi.
734 374 824 428 Credo

12 463 13 474 ³
45 449 103 504 Hoc
123 450 242 505 Staberi
259 451 425 519 prudentem
443 451 563 504 animum
580 451 688 504 vidisse.
724 449 798 514 Quid
815 467 881 520 ergo

12 523 13 530 ’
44 524 137 579 Sensit
156 543 222 579 cum
240 541 375 579 summam
392 521 539 595 patrimoni
556 525 711 594 insculpere
730 540 795 578 saxo
879 541 904 582 ao

12 657 13 662 χ
45 598 177 654 Heredes
195 600 304 655 voluitl
341 600 437 664 Quoad
454 601 524 655 vixit
541 600 660 655 credidit
676 600 774 667 ingens

12 671 13 728 l
46 673 215 744 Pauperiem
233 676 331 730 vitium
348 680 377 730 et
394 676 466 730 eavit
482 677 550 730 nihil
568 676 663 743 acrius,
680 679 713 729 ut
731 674 755 728 si

12 751 13 780 Τ
46 749 129 806 Forte
147 753 243 806 minus
260 751 379 820 locuples
396 769 450 806 uno
463 749 620 822 'quadrante
637 751 755 838 perisset

47 823 108 891 lpse
126 827 276 881 videretur
294 827 346 881 sibi
363 828 490 896 nequior:
509 827 596 881 omnis
613 827 685 881 enim
702 843 755 892 res,

12 919 14 958 ι
46 900 151 970 Virtus,
170 902 254 972 suma,
271 903 362 970 decus,
381 903 473 957 divina
490 903 663 972 humanaque
680 901 800 971 pulchris
880 915 904 956 ss

47 975 157 1032 Divitiis
175 982 290 1048 parent;
309 995 377 1048 quas
395 979 442 1048 qui
460 979 643 1033 construxerit
660 978 707 1032 illc

48 1052 144 1107 Clarus
165 1053 229 1120 erit,
241 1053 321 1107 fortis
285 1053 443 1123 trsjustus.
478 1054 645 1123 Sapiensnel
681 1053 780 1120 Etiam,
801 1057 830 1109 et
844 1067 901 1118 rex,

48 1127 81 1181 Et
98 1128 241 1198 quidquid
258 1129 356 1184 volet·
374 1130 436 1184 Hoc
453 1131 538 1184 veluti
555 1130 661 1184 virtute
678 1132 803 1196 paratum

49 1202 175 1272 speravit
192 1220 308 1272 magnae
325 1197 400 1259 laudi
416 1205 483 1260 fore.
518 1205 607 1270 ‘Quid
624 1204 711 1258 simile
729 1203 775 1257 isti

49 1279 170 1334 Graecus
190 1279 369 1349 Aristippusl
387 1281 435 1350 qui
453 1297 544 1335 servos
561 1279 696 1349 projicere
713 1295 809 1333 aurum
869 1293 902 1333 roo

49 1354 80 1407 Ιιι
98 1355 196 1408 media
209 1355 294 1423 jussit
312 1355 404 1425 Libye,
422 1357 487 1424 quia
503 1356 610 1410 tardius
627 1355 700 1408 irent

50 1429 166 1500 Propter
185 1447 254 1484 onus
271 1447 375 1499 segnes.
410 1433 482 1487 Uter
499 1435 542 1486 est
559 1431 678 1484 insanior
694 1431 791 1484 horum
801 1429 819 1484 ι’

50 1505 94 1560 Nil
111 1507 171 1574 agit
191 1507 355 1576 exemplum,
373 1507 451 1562 litem
468 1507 542 1577 quod
559 1508 608 1561 lite
626 1506 744 1560 resolvit

51 1581 77 1634 Si
94 1583 157 1651 quis
176 1585 252 1636 emat
269 1582 395 1651 citharas,
412 1587 519 1652 emptos
536 1585 688 1650 comportet
705 1581 734 1633 in
751 1597 843 1649 unum,

52 1657 107 1711 Neo
125 1657 219 1712 studio
238 1657 358 1712 citharae
375 1675 425 1712 uec
444 1659 539 1712 Musae
557 1659 668 1712 deditus
685 1656 751 1722 ulli;
867 1671 901 1712 ros

53 1731 78 1784 Si
95 1733 203 1802 scalpra
221 1736 251 1787 et
266 1733 368 1787 formas
385 1751 438 1788 non
457 1738 541 1802 sutor,
553 1733 667 1787 ¹nautica
684 1732 745 1786 vela

54 1810 171 1862 Arersus
189 1809 367 1864 mercaturis:
386 1809 490 1882 delirus
507 1814 537 1864 et
554 1825 648 1866 amens
759 1855 761 1862 .

53 1883 180 1954 Undique
198 1885 306 1939 dicatur
323 1885 428 1940 merito.
464 1885 516 1951 Qui
534 1885 672 1953 discrepat
689 1885 750 1938 istis

12 1969 13 1976 ’
54 1959 101 2022 Qui
119 1976 246 2014 nummos
263 1977 414 2030 aurumque
431 1960 563 2028 recondit,
580 1960 687 2014 nescius
704 1959 746 2013 uti

53 2035 220 2106 Compositis,
239 2040 418 2105 metuensque
434 2036 511 2090 velut
527 2037 682 2104 contingere
701 2037 827 2090 sacruml
866 2049 899 2089 no

53 2110 79 2164 Si
96 2113 157 2181 quis
175 2112 212 2166 ad
229 2111 369 2180 ingentem
385 2112 516 2166 frumenti
534 2128 641 2181 semper
658 2127 784 2165 acervum

53 2185 195 2242 Porrectus
212 2187 308 2256 vigilet
325 2204 386 2242 cum
403 2188 484 2256 longo
501 2188 580 2256 fuste,
598 2203 688 2257 neque
705 2187 780 2242 illine

54 2263 160 2318 Audeat
178 2264 300 2317 esuriens
318 2263 445 2335 dominus
462 2263 620 2331 contingere
637 2281 760 2332 granum,

54 2339 92 2392 Ac
108 2339 200 2409 potius
217 2339 288 2392 foliis
305 2355 403 2408 parcus
420 2342 546 2392 vescetur
562 2339 676 2406 amaris;

53 2412 79 2466 Si
94 2415 191 2483 positis
209 2414 284 2468 intus
302 2415 362 2469 Chii
380 2414 534 2484 veterisque
553 2415 663 2470 Falerni
865 2428 897 2468 ιιι

53 2487 124 2544 Mille
142 2489 321 2544 cedis-nihil
339 2494 390 2558 est,
405 2494 559 2544 tercentum
577 2491 794 2546 millibus-aere

54 2561 131 2620 Potet
147 2568 271 2632 acetum3
288 2581 346 2634 age,
365 2567 389 2619 si
407 2569 437 2620 et
454 2567 611 2621 stramentis
628 2567 748 2634 incubet,
765 2563 851 2618 unde

54 2637 194 2709 Octoginta
211 2657 295 2694 annos
312 2645 400 2710 natue,
419 2642 462 2696 cui
480 2642 602 2710 stragula
618 2642 708 2706 vestis,
819 2663 822 2668 ¹

53 2713 202 2770 blattarum
220 2732 251 2770 ac
268 2717 403 2770 tinearum
420 2718 524 2788 epulae,
541 2717 706 2787 putrescat
698 2733 727 2768 ιιι
744 2731 819 2770 arcem

53 2787 210 2845 Nimirum
201 2808 312 2846 insanus
328 2793 422 2862 paucis
439 2794 572 2860 rideatur,
591 2809 624 2846 eo
642 2791 716 2860 quod
818 2801 828 2816 ⁹
862 2806 895 2846 ιιι

53 2864 168 2920 Maxima
184 2883 249 2936 pars
266 2868 406 2922 hominum
423 2869 518 2922 morbo
532 2868 654 2936 jactatur
672 2866 776 2920 eodem.

52 2939 131 2996 Filius
148 2947 197 2998 aut
214 2943 298 2998 etiam
316 2944 383 2998 haec
400 2945 516 3000 libertus
533 2949 565 2999 ut
582 2943 675 2999 ebibat
691 2943 779 3010 heres,

52 3017 97 3073 Dis
113 3018 223 3072 inimice
241 3035 332 3091 senex,
350 3021 490 3077 custodiet
525 3019 551 3073 N
553 3037 569 3074 e
586 3021 639 3074 tibi
656 3020 749 3076 desitl

53 3093 215 3160 Quantulum
232 3094 306 3148 euim
324 3111 445 3150 summae
462 3095 582 3149 curtabit
599 3097 714 3166 quisque
732 3095 846 3162 dierum,

112 3171 142 3217 12
