2044 3416
84 93 132 140 206
356 85 515 138 nouam
526 90 655 141 annom

85 169 129 224 Ne
147 169 236 222 dicam
254 167 338 222 stulte
355 169 455 236 mirati,
473 162 595 224 simodo
615 189 665 240 ego
682 176 712 227 et
729 188 778 230 vos

85 245 190 300 Scimus
208 242 371 297 inurbanum
389 241 481 313 lepido
499 262 630 314 seponere
648 247 723 302 dicto

86 319 306 388 Legitimumque
325 336 420 373 sonum
438 319 532 388 digitis
549 321 678 384 callemus
695 327 724 376 et
741 339 814 380 aure.

86 394 215 462 ignotum
235 395 356 462 tragicae
373 407 459 463 genus
476 397 611 450 invenisse
630 398 763 452 Camenae
900 415 941 456 27⁵
1016 391 1017 456 l

87 469 196 525 Dicitur
215 472 245 523 et
261 470 391 538 plaustris
409 471 515 524 vexisse
532 476 659 540 potimata
676 473 797 542 Thespis,

87 545 163 610 Quae
180 549 311 599 cancrent
328 550 497 614 agerentque
514 548 639 615 peruncti
657 549 776 602 faecibus
793 566 852 606 ora.
891 580 893 589 ι

88 621 154 675 Post
171 621 243 674 hune
260 637 393 689 personae
410 623 553 691 pallaeque
571 627 696 692 repertor
713 625 845 679 honestae

88 697 238 765 Aeschylus
257 703 286 750 ct
303 697 416 750 modicis
433 697 560 752 instravit
577 699 683 767 pulpita
699 700 783 767 tignis

88 772 125 826 nt
142 771 235 824 docuit
252 787 436 840 magnumque
452 773 527 841 loqui
544 773 651 842 nitique
668 774 806 830 cothurno.
902 791 940 829 mo
1016 779 1017 816 Ὗ

23 901 24 904 ,
88 846 223 900 Successit
240 849 320 900 vetus
337 846 379 899 his
396 847 542 915 comoedia,
560 865 614 902 non
631 849 690 902 sine
707 849 793 903 multa

88 921 197 986 Laude;
221 920 317 975 sedin
335 921 432 976 vitium
449 922 561 976 libertas
579 923 682 977 excidit
698 928 727 978 et
744 925 799 978 vim

88 997 206 1066 Dignam
223 997 284 1065 lege
301 998 377 1065 regi;
397 998 442 1052 lex
460 1002 503 1052 est
520 1002 631 1066 accepta
648 999 798 1069 chorusque

88 1072 215 1142 Turpiter
233 1072 349 1126 obticuit
366 1073 473 1128 sublato
487 1073 552 1141 jure
569 1075 690 1130 nocendi.

88 1147 136 1201 Nil
152 1149 320 1202 intentatum
338 1149 426 1202 nostri
443 1149 547 1216 liquere
564 1151 670 1216 potitae,
902 1165 942 1206 aas

88 1222 115 1275 N
117 1239 148 1276 ec
165 1223 306 1276 minimum
324 1220 449 1278 meruere
468 1224 551 1277 decus
568 1224 683 1292 vestigia
700 1224 813 1280 Graeca¹

90 1298 160 1352 Ausi
178 1299 305 1352 deserere
323 1302 353 1352 et
369 1298 508 1352 celebrare
527 1298 675 1354 domestica
691 1300 771 1367 iacta

89 1372 143 1426 Vel
159 1375 208 1442 qui
224 1377 381 1444 praetextas
399 1375 442 1428 vel
460 1375 507 1443 qui
525 1374 642 1429 docuere
659 1379 773 1443 togatas.

89 1447 116 1501 N
118 1465 149 1502 ec
166 1450 269 1504 virtute
287 1449 360 1504 foret
377 1451 489 1504 clarisve
506 1451 643 1518 potentius
660 1451 743 1504 armis

90 1523 177 1588 Quam
195 1524 288 1592 lingua
306 1526 422 1593 Latium,
441 1526 464 1579 si
480 1542 534 1578 non
552 1525 703 1580 offenderet
720 1543 804 1580 unum
902 1543 941 1583 acc
1016 1593 1017 1600 ἶ

91 1599 232 1668 Quemque
250 1603 393 1669 poetarum
410 1600 490 1654 limae
508 1599 585 1654 labor
602 1605 631 1654 et
648 1617 730 1654 mora.
766 1602 866 1670 Vos‚o
1016 1601 1017 1604 ’

90 1673 239 1743 Pompilius
257 1675 373 1744 sanguis,
390 1693 498 1730 carmen
516 1675 710 1743 reprehendite
728 1677 803 1746 quod
818 1692 871 1730 non

90 1749 181 1803 Multa
198 1750 257 1803 dies
275 1755 305 1804 et
322 1752 408 1804 mirlta
424 1751 507 1805 litura
524 1751 643 1806 coercuit
660 1755 744 1820 atque

90 1824 245 1878 Perfectum
263 1825 353 1878 decies
370 1842 423 1878 non
439 1828 583 1894 castigavit
600 1827 636 1880 ad
652 1843 776 1896 unguem.

90 1900 235 1967 Ingenium
252 1900 351 1954 misera
368 1902 432 1970 quia
448 1899 613 1956 fortunatius
630 1906 691 1957 arte
901 1919 941 1962 ss
1016 1901 1017 1946 i

90 1975 187 2029 Credit
204 1979 234 2030 et
248 1975 369 2030 excludit
386 1993 465 2030 sanos
484 1977 616 2032 Helicone
634 1981 729 2044 postas
1016 1983 1017 1986 ’

90 2050 269 2121 Democritus,
287 2051 358 2106 bona
374 2070 438 2122 pars
455 2069 509 2107 uon
526 2069 631 2121 ungues
647 2070 748 2122 ponere
765 2057 849 2123 curat,

89 2125 116 2180 N
118 2141 152 2180 on
170 2126 291 2194 barbam,
309 2133 415 2182 secreta
431 2129 503 2197 petit
520 2129 586 2196 loca,
604 2129 703 2182 balnea
720 2129 795 2185 vitat

89 2200 116 2255 N
117 2203 268 2256 anciacetur
285 2205 357 2256 enim
374 2205 493 2272 pretium
510 2221 663 2273 nomenque
680 2209 784 2272 po'e‘tae,

89 2276 225 2331 simbus
243 2279 384 2346 Anticyris
401 2283 482 2347 caput
499 2278 648 2332 insanabile
666 2295 801 2348 nunqua-m
900 2295 939 2337 sco
1016 2349 1017 2352 Ἴ

89 2351 201 2406 Tonsori
220 2351 313 2405 Licino
331 2355 503 2406 commiserit.
539 2353 632 2422 Oego
649 2353 749 2422 laevus,
1016 2375 1017 2382 ¹

89 2427 143 2493 Qui
160 2444 261 2496 purgor
277 2427 361 2481 bilem
379 2427 429 2481 sub
447 2429 523 2483 verni
543 2429 674 2498 temporis
691 2429 801 2486 horam!

89 2503 116 2557 N
117 2520 151 2556 on
169 2503 237 2558 alius
254 2503 358 2557 faceret
375 2503 488 2557 meliora
505 2509 639 2573 poemata.
675 2505 782 2560 Verum

89 2579 136 2632 Nil
153 2581 224 2632 tanti
242 2583 290 2634 est.
327 2579 401 2648 Ergo
417 2580 515 2648 fungar
532 2580 592 2634 vice
609 2581 685 2649 cotis,
703 2584 815 2635 acutum

89 2652 219 2708 Reddere
237 2671 307 2723 quae
324 2655 428 2708 ferrum
444 2656 518 2710 valet
535 2671 628 2709 exsors
646 2656 706 2724 ipsa
723 2657 850 2724 secandi;
900 2673 940 2714 scs

88 2727 189 2782 Munus
204 2733 233 2784 et
248 2730 365 2784 officium
379 2731 418 2784 nil
434 2731 555 2785 scribens
568 2732 628 2800 ipse
642 2731 753 2798 docebo,

87 2803 170 2859 Unde
183 2810 316 2873 parentur
331 2823 403 2876 opes,
420 2807 488 2875 quid
503 2807 559 2860 alat
573 2807 727 2876 formetque
744 2809 872 2876 potitam

88 2878 162 2942 Quid
176 2879 279 2954 deceat,
293 2881 361 2950 quid
377 2898 445 2946 nou;
468 2899 522 2951 quo
540 2881 635 2946 virtus,
650 2899 704 2952 quo
719 2883 791 2936 ferat
807 2897 891 2938 error.

90 3019 159 3073 Item
175 3025 226 3075 tibi
243 3026 395 3080 Socraticae
414 3034 544 3096 poterunt
560 3031 706 3086 ostendere
721 3032 841 3098 chartae,
901 3049 940 3089 sm

90 3092 236 3160 Verbaque
252 3101 387 3163 provisam
406 3119 464 3154 rem
482 3119 536 3156 non
552 3105 638 3159 invita
656 3113 812 3176 sequentur.

89 2952 231 3018 Scribeudi
245 2959 322 3008 recte
337 2972 433 3023 sapere
449 2963 492 3010 est
507 2961 537 3010 et
553 2957 717 3025 principium
735 2962 763 3010 et
779 2957 854 3014 fons:
