2008 3416
295 99 501 148 CARMINUM
516 99 571 148 ΠῙ.
589 99 629 149 29.
855 99 886 151 ol

176 179 358 235 Fastidiosum
376 180 473 234 desere
491 180 596 247 copiam
613 182 643 234 el.

176 254 276 310 Molem
293 255 474 324 propinquam
491 254 610 308 nubibus
627 255 737 323 erduis3
865 271 887 312 re

209 330 314 384 Omitte
331 329 425 384 mirari
442 329 540 384 beatae

242 404 359 458 sumum
378 409 408 459 et
425 421 490 474 opes
509 405 709 474 sirepilnmque
727 405 835 464 Romae.

178 479 339 549 Plerumque
356 483 454 548 gastae
470 479 604 534 divitibus
621 480 702 547 vises,

177 551 351 625 Mnndneqiio
367 571 453 624 parvo
470 554 522 608 sub
539 555 597 609 lere
613 571 762 626 pauperum

209 631 314 686 Ooenue
332 632 390 685 sine
407 631 509 685 aulaeis
526 634 556 686 et
573 634 648 686 ostro
866 648 888 688 rs

243 706 389 762 Sollicitam
407 707 562 774 explicuere
577 706 704 762 frontem.

177 782 343 843 Jamelsrus
360 782 496 837 oecultum
516 781 710 836 Andromedae
727 788 806 850 pater

178 857 303 912 Ostendit
319 858 419 926 ignem,
432 857 493 926 jam
512 857 634 925 Procyon
649 858 718 912 furit

209 933 246 988 Et
263 933 342 986 stelle
359 933 452 987 vesani
470 933 578 998 Leonis,

242 1009 305 1063 Sole
322 1008 381 1062 dies
398 1009 536 1062 referente
553 1009 654 1064 sioeos:

175 1083 238 1137 Jsm
255 1087 349 1152 pastor
366 1083 478 1137 umbras
495 1100 557 1137 oum
574 1100 658 1152 grege
674 1083 805 1154 languido

176 1158 329 1228 Rivumqne
345 1159 433 1212 fessus
451 1159 559 1228 quaerit
577 1163 607 1212 et
624 1160 727 1214 horridi

209 1234 329 1288 Dmnets
346 1233 456 1301 Silvani,
474 1238 605 1302 essetque

242 1309 314 1377 Rips
331 1309 407 1378 regis
424 1309 562 1364 taciturna
579 1310 674 1366 ventis.

175 1383 216 1438 'l'u
231 1384 370 1438 civitatem
388 1385 449 1452 quis
466 1384 563 1438 deceat
581 1389 669 1438 status

175 1459 267 1525 Omns,
284 1462 315 1513 et
331 1459 403 1513 Urbi
420 1456 550 1514 sollicitus
567 1459 648 1512 times

208 1533 286 1599 Quid·
298 1534 378 1588 Seres
396 1537 425 1588 el
441 1538 556 1601 regnate
574 1535 644 1602 Cyro

242 1609 344 1664 Baetra
360 1613 458 1678 parent
476 1610 628 1678 Tanaisque
647 1609 757 1666 dissors

176 1683 299 1739 Prudens
315 1685 402 1739 futuri
419 1685 551 1753 temporis
568 1686 672 1740 exitum

175 1761 328 1828 caliginosa
343 1763 424 1814 noete
441 1761 542 1828 premit
559 1760 636 1828 deus,

208 1837 347 1905 Ridetque
365 1836 388 1890 si
404 1837 527 1890 mortalis
539 1836 614 1890 ultra

244 1913 299 1966 Ilus
315 1911 444 1980 trepidae
480 1911 560 1977 Quod
576 1913 656 1966 adest
673 1917 811 1969 memento

176 1987 344 2056 Componere
360 2003 480 2055 eequus3
497 1990 591 2042 eslere
608 1987 727 2042 fluminis

174 2062 243 2118 Ritu
257 2063 392 2130 feruntur,
409 2079 482 2116 nuno
499 2063 590 2116 medio
607 2078 727 2129 aequore

209 2138 279 2194 (lum
296 2154 362 2206 pnes
380 2137 534 2192 delabentis
552 2138 699 2192 Etruscum

242 2214 277 2268 In
294 2229 377 2282 mere,
395 2229 467 2268 nune
483 2213 588 2282 lapides
604 2212 702 2267 adesos

174 2289 334 2358 stirpesque
350 2293 443 2358 reptes
461 2293 491 2344 eh
507 2306 589 2358 pecus
606 2292 635 2344 el
653 2289 749 2346 domus

175 2365 317 2419 Volvuntis
334 2381 389 2420 une
406 2381 460 2418 non
479 2365 537 2418 sine
553 2365 688 2421 montium

209 2439 334 2494 Clamore
350 2440 508 2508 vicinaeque
525 2439 617 2507 silvae,

242 2515 313 2569 Cum
329 2516 388 2569 fere
405 2515 521 2568 diluvies
538 2515 646 2582 quietos

175 2587 273 2643 Irrienl
289 2606 389 2644 amnes.
425 2589 476 2642 Ille
493 2592 591 2657 potens
609 2589 651 2644 sui

174 2662 331 2732 Laetueque
348 2663 438 2732 degeo,
452 2663 495 2718 erui
512 2664 578 2718 lieet
594 2663 622 2717 in
640 2664 713 2718 diem

208 2739 319 2792 Dixisse
336 2738 419 2793 Vixi:
436 2755 495 2792 ores
512 2740 555 2793 vel
573 2749 635 2793 eoru

243 2813 325 2866 Nube
341 2813 434 2881 polum
452 2814 535 2867 Pater
552 2815 685 2881 occupato

175 2884 229 2941 Vel
247 2888 303 2941 sole
320 2903 406 2956 puro;
422 2903 476 2940 non
494 2891 585 2941 lamen
603 2887 712 2940 irritum
862 2899 885 2939 45

175 2961 361 3032 Quodcunque
378 2966 453 3015 retro
471 2965 514 3015 est
531 2963 635 3029 efficiet,
652 2977 742 3034 neque

208 3037 340 3106 Diffinget
355 3037 542 3102 infectumque
558 3037 658 3090 reddet

244 3112 326 3177 Quod
339 3111 449 3176 fugiens
465 3109 549 3162 semel
565 3110 632 3165 hors
646 3113 729 3168 vexid

950 2991 953 3046 l
