2036 3416
393 109 548 160 HORATII
564 109 695 161 abacta

259 191 410 258 Pauperem
433 189 571 244 laboribus

292 265 412 320 Vocatus
432 269 515 335 atque
534 282 589 320 non
607 269 718 321 vocatus
735 267 821 324 audit
889 339 891 342 Ι
1003 303 1004 348 3

505 404 585 460 XIX.

257 485 398 540 Bsoenun
418 487 447 540 in
467 487 580 540 remotis
598 485 718 540 earmina
734 485 850 554 rupibus

257 559 323 615 Vidi
342 560 624 631 dueentem-eredita
642 561 779 630 posteri-

290 636 483 706 Nymphasque
502 637 638 690 discentes
657 639 687 690 et
705 651 784 689 aures

325 711 509 780 Oapripednm
530 713 687 779 Satyrorum
703 713 804 766 acutae.

256 785 339 854 Euae,
357 787 460 840 recenti
478 803 554 840 mens
574 786 696 854 trepidat
715 787 792 838 metu

256 859 395 929 Plenaque
413 861 512 915 Baeehi
530 865 640 930 pectore
658 859 798 914 turbidum

289 935 427 991 Laetatur.
462 937 545 1007 Euoe,
565 952 646 1004 parea
665 935 756 1002 Liber,

324 1011 416 1080 Paree,
434 1013 510 1080 gravi
529 1010 676 1064 metuende
693 1009 803 1078 thyrso!

257 1084 311 1138 Fas
328 1087 480 1154 pervicaces
499 1089 542 1140 est
559 1085 627 1138 mihi
646 1083 779 1152 Thyiadas

255 1159 375 1230 Virique
392 1163 495 1216 fontem
513 1160 591 1214 laetis
613 1163 643 1214 et
657 1159 756 1212 uberes

289 1237 408 1290 Cantare
428 1237 507 1303 rivos,
524 1239 607 1304 atque
625 1235 730 1288 tnrneis
845 1303 849 1312 „

323 1311 412 1379 Lapsa
429 1311 502 1365 cavis
519 1310 620 1364 iterare
639 1309 736 1374 mella;

254 1383 308 1440 Fas
326 1386 470 1440 etbeatae
488 1385 612 1452 conjugis
630 1383 755 1438 additum

254 1460 346 1515 Stellis
364 1461 500 1528 honorem,
519 1463 646 1528 tectaque
667 1457 783 1512 Penthei

287 1536 411 1604 Disjeeta
430 1552 485 1590 non
505 1535 560 1589 leni
576 1535 661 1602 risina,

219 1623 220 1630 ’
321 1611 431 1666 Thracis
450 1615 480 1665 et
499 1611 614 1665 exitium
633 1609 754 1678 Lycurgi.

174 1711 176 1716 ·
253 1684 294 1739 Tu
312 1686 399 1740 flectis
417 1703 518 1753 amnes,
538 1689 570 1739 tu
588 1701 663 1738 mare
683 1683 836 1753 barbarum,

251 1760 293 1814 'ru
313 1763 444 1829 separatis
462 1761 560 1814 uvidus
579 1760 608 1812 in
624 1759 699 1828 jugis

285 1835 367 1889 Nodo
387 1841 495 1889 coerces
512 1835 634 1904 viperino

169 1969 171 1973 ι
320 1909 493 1963 Bistonidum
511 1910 569 1964 sine
586 1909 683 1962 fraude
703 1907 806 1964 crines:

251 1983 300 2050 Tu,
318 1999 378 2038 enm
397 1985 518 2052 parentis
537 2001 622 2052 regna
639 1999 689 2052 per
706 1983 821 2036 arduum

251 2057 353 2128 Cohors
374 2059 521 2127 Gigantum
541 2059 684 2112 scanderet
700 2057 790 2125 impia,

284 2133 421 2188 Rhoetum
441 2135 575 2188 retorsisti
596 2133 683 2187 leonis

318 2209 462 2276 Unguibus
480 2209 657 2277 horribilique
676 2207 762 2274 mada;

249 2281 419 2351 Quamquam
439 2284 543 2338 choreis
561 2285 651 2351 aptior
668 2287 697 2336 et
713 2282 785 2352 jocis

248 2355 381 2425 Ludoque
402 2358 492 2412 dietus
512 2374 566 2412 non
585 2361 628 2412 sat
647 2359 762 2412 idoneus

281 2430 393 2498 Pugnae
413 2433 559 2488 ferebaris:
579 2433 721 2487 sedidem

316 2506 394 2561 Paois
413 2524 473 2562 eras
491 2509 653 2576 mediusque
673 2507 746 2564 belli.

246 2577 285 2633 Te
305 2581 375 2636 vidit
394 2583 485 2636 insons
505 2583 639 2637 Cerberus
658 2599 741 2637 aureo

246 2653 338 2710 Cornu
358 2657 493 2726 deoorum,
513 2657 612 2712 leniter
630 2661 753 2713 atterens

280 2730 409 2800 Oaudam,
430 2736 460 2786 et
479 2733 632 2787 recedentis
649 2732 775 2801 trilingui

313 2805 370 2861 Ore
389 2806 475 2875 pedes
493 2807 641 2876 tetigitque
662 2824 749 2864 arura

500 2946 562 3004 XX.

242 3021 307 3080 Nou
326 3030 427 3083 usitata
444 3045 496 3084 nee
513 3030 589 3083 tenui
607 3030 680 3084 ferar

243 3098 336 3154 Panna
355 3103 478 3156 biformis
495 3119 546 3170 per
564 3105 700 3173 liquidum
718 3104 833 3161 aethera
