2036 3416
95 127 136 182 ’Μ’

366 133 521 184 ΗΟΕΑἸῚΙ
532 131 668 185 'FLACOI

442 399 594 454 xxxvii.
683 357 686 363 ¹

232 512 258 568 N
259 531 313 567 ono
331 515 373 567 est
389 511 546 580 bibendum,
564 528 635 566 nune
652 514 723 582 pede
740 515 824 573 libero

232 587 369 642 Pulsanda
386 589 475 655 tellus,
492 604 565 641 nuno
583 587 731 645 Saliaribus

265 664 371 717 Ornare
387 663 513 731 pulvinar
530 663 643 716 deomm

300 738 417 806 Tempus
436 742 495 791 erat
514 737 637 806 dapibus,
656 739 768 793 sodales.

232 813 356 878 Antehac
374 813 450 866 nefas
468 813 629 880 depromere
648 813 801 869 Caecubum

233 889 314 946 cellis
331 888 418 955 avitis,
436 887 502 941 dum
521 888 654 957 Capitolio

265 964 372 1032 Regina
389 963 530 1017 dementes
546 963 640 1016 ruinas

299 1039 393 1094 Funus
409 1042 439 1092 et
455 1039 569 1108 imperio
585 1039 700 1107 parabat

231 1107 417 1171 Contaminato
435 1131 496 1168 cum
512 1131 595 1182 grege
612 1116 747 1184 tmpium,

230 1192 328 1246 Morbo
346 1192 472 1256 virorum,
490 1190 625 1259 quidlibet
642 1191 778 1260 impotens

263 1267 380 1336 Sperare
396 1266 559 1334 fortunaque
576 1265 649 1318 dulci

297 1341 387 1396 Ebria.
422 1341 478 1395 Sed
494 1341 592 1394 minuit
608 1341 728 1395 furorem

232 1418 285 1472 Vix
301 1434 355 1471 una
372 1433 464 1484 sospes
481 1415 557 1469 navis
575 1415 610 1469 ab
627 1416 743 1484 ignibus,

229 1494 405 1562 Montemque
422 1491 587 1561 lymphatam
604 1491 754 1546 Mareotico

263 1569 381 1637 Redcgit
397 1567 426 1620 in
443 1583 521 1620 veros
538 1567 651 1620 timores
689 1568 695 1579 ‘

297 1645 403 1712 Caesar,
422 1643 457 1696 ab
476 1642 558 1696 Italia
575 1643 711 1698 volantem

229 1719 321 1775 Itemis
338 1719 482 1786 adaugere,
499 1718 628 1787 accipiter
644 1719 720 1774 velut

228 1796 325 1849 Molles
343 1793 480 1848 columbas
498 1797 546 1847 aut
563 1795 683 1863 leporem
700 1795 771 1850 citus

261 1871 384 1924 Venator
400 1869 429 1922 in
447 1869 549 1937 eampis
566 1870 661 1924 niualis

294 1945 469 2012 Haemoniae,
488 1945 568 2000 daret
584 1949 616 2000 ut
633 1947 736 2001 eatenis

228 2021 323 2076 Fatale
340 2025 508 2076 monstrum:
526 2038 596 2090 quae
612 2023 768 2090 generosius

228 2098 322 2152 Perire
339 2099 473 2167 quaerens
490 2113 541 2151 nee
558 2097 729 2152 muliebriter

260 2175 378 2241 Expavit
393 2189 486 2226 ensem
503 2189 553 2226 nec
570 2173 687 2228 latentes

294 2248 387 2302 Classe
403 2248 459 2300 cita
475 2248 611 2315 reparavit
628 2265 696 2303 oras.

227 2328 303 2377 Ausa
320 2325 350 2376 et
363 2322 500 2390 jacentem
518 2322 604 2376 visere
622 2325 723 2392 regiam

225 2398 313 2453 Vultu
330 2413 433 2463 sereno,
450 2397 529 2450 fortis
547 2401 576 2452 et
592 2415 703 2468 asperas

258 2473 387 2527 Tractare
405 2475 551 2540 serpentes,
568 2477 601 2527 ut
617 2477 708 2528 atum

292 2548 413 2616 Corpore
429 2547 596 2602 combiberet
613 2565 755 2618 venenum,

222 2624 382 2680 Deliberata
398 2626 486 2676 morte
502 2623 623 2689 ferocior,

223 2701 317 2758 Saeuis
335 2697 462 2752 Liburnis
480 2697 581 2750 scilieet
598 2697 722 2752 invidens

257 2776 369 2831 Privata
386 2772 484 2827 deduci
501 2771 619 2840 superbo

290 2851 317 2906 N
319 2868 353 2906 on
370 2849 479 2904 humilis
496 2849 594 2904 mulier
610 2848 754 2919 triumpho.
