2036 3416
137 123 168 170 46

410 130 563 179 HORATII
580 129 709 177 FLAOOI

273 225 285 241 ·
309 211 423 266 Excisus
441 210 559 278 Argivis,
576 212 622 280 ter
637 225 708 263 uxor

343 287 430 355 (lapte
447 286 535 340 virum
552 301 705 353 puerosque
721 284 818 352 ploret

275 361 302 416 N
303 377 338 414 en
355 361 405 415 hoe
418 361 529 430 jocosae
546 361 690 414 conveniet
706 360 794 429 lyrae:

276 436 343 504 Quo,
362 437 449 504 Musa,
466 435 576 490 teudisl
612 435 713 489 Desine
730 435 857 504 pervicax

310 512 424 566 Referre
441 527 580 566 sermones
598 510 711 564 deorum
728 515 757 565 et

344 587 444 655 Magna
461 586 550 640 medis
567 589 681 640 tenuare
698 587 796 656 parvis,

536 725 588 780 IV.

276 808 426 864 Dnsenron
443 809 516 862 eaelo
533 811 563 862 et
581 809 626 862 die
642 825 693 876 age
710 807 779 862 tibia

277 885 386 952 Regina
401 883 510 952 longum
529 883 648 952 Calliope
666 883 757 952 meles,

311 960 366 1014 Seu
383 975 448 1012 voce
465 975 537 1013 nune
554 959 640 1012 mavis
657 961 744 1027 setta,

345 1034 401 1089 Seu
418 1033 517 1088 fidibus
535 1034 692 1104 citharaque
711 1034 820 1090 Phoebi

278 1110 397 1178 Auditis,
413 1127 450 1164 an
467 1126 512 1164 me
529 1110 601 1163 ludit
617 1109 740 1163 amabilis

173 1215 178 1225 ·
278 1186 408 1242 Insanus
443 1185 549 1239 Audire
567 1187 597 1239 et
613 1185 708 1239 videor
724 1186 784 1254 pios

311 1262 411 1315 Errare
427 1277 477 1330 per
494 1261 568 1315 luces
585 1276 715 1314 amoenae
759 1259 768 1286 ’

346 1337 419 1400 Ques
437 1339 466 1390 et
483 1352 570 1404 aquae
589 1335 705 1390 subeunt
723 1339 752 1390 et
768 1353 858 1392 eures.

277 1410 325 1466 Me
341 1411 479 1465 fabulosae
496 1411 615 1464 Vulture
632 1411 661 1464 iu
679 1411 770 1480 Apule

279 1486 391 1541 Altrieis
408 1489 487 1540 extra
503 1486 586 1539 limen
604 1485 721 1554 Apuliae

311 1562 390 1615 Lude
407 1562 605 1630 fatigatumque
623 1577 716 1615 somno

346 1636 454 1690 Frende
470 1653 541 1690 nova
557 1652 672 1705 puerum
689 1629 831 1705 palumbes

278 1711 391 1780 Periere,
408 1712 507 1765 mirum
525 1711 600 1780 qued
616 1711 688 1765 feret
705 1711 837 1780 omnibus,

282 1786 440 1855 Quicunque
458 1786 545 1840 eelsee
562 1786 656 1840 nidum
674 1787 855 1844 Acherontiae

312 1861 457 1929 Saltmque
476 1861 607 1916 Bantinos
624 1865 654 1916 et
671 1877 765 1916 arvum

347 1936 450 2004 Pingue
467 1940 563 1992 tenent
580 1937 688 1991 humilis
707 1937 825 2006 Ferenti,

279 2010 320 2065 Ut
336 2013 398 2065 tuto
415 2011 450 2064 ab
467 2012 534 2065 atris
552 2029 664 2080 eorpore
681 2012 780 2080 viperis

277 2085 429 2142 Dormirem
448 2090 478 2141 et
495 2087 573 2154 ursis,
591 2090 624 2141 ut
640 2103 779 2155 premerer
796 2103 873 2142 saera

313 2161 457 2231 Lauteque
475 2161 628 2230 collataque
645 2164 741 2230 myrto,

318 2297 321 2302 ¹
344 2237 407 2289 Non
425 2237 483 2290 sine
500 2237 544 2289 dis
561 2237 696 2290 animosus
714 2236 808 2290 infans.

277 2309 386 2378 Vester,
405 2311 548 2379 Camenae,
566 2315 657 2366 vester
674 2311 703 2363 in
720 2311 818 2366 arduos

278 2383 368 2436 Toller
386 2385 507 2453 Sabinos,
526 2402 575 2439 seu
592 2386 658 2438 mihi
676 2386 806 2454 frigidum

312 2457 461 2513 Praeneste
479 2476 528 2514 seu
546 2460 630 2514 Tibur
648 2462 774 2530 supinum

346 2534 400 2588 Seu
417 2535 537 2604 liquidae
553 2535 680 2604 placuere
698 2537 790 2592 Baiae.

277 2607 385 2663 Vestris
401 2611 518 2663 amicum
535 2611 655 2665 fontibus
673 2615 702 2666 et
719 2611 807 2665 choris

277 2683 304 2738 N
305 2700 340 2737 en
357 2701 401 2739 me
420 2685 552 2754 Philippis
569 2702 648 2739 versa
665 2687 737 2740 aeies
753 2690 836 2756 retro,

312 2758 419 2813 Devota
435 2775 489 2813 nen
508 2759 639 2814 exstinxit
657 2761 744 2828 arbes,

276 2908 423 2980 Utcunque
440 2927 546 2964 meeum
563 2927 611 2964 ves
629 2911 713 2978 eritis,
731 2911 819 2967 libens

275 2983 460 3038 Insanientem
476 2985 569 3038 navita
586 2985 738 3053 Bosporum

312 3056 433 3110 Pentabo
452 3062 481 3111 et
498 3061 611 3110 urentes
628 3075 724 3114 arenas

345 3130 460 3183 Litteris
479 3131 585 3198 Assyrii
602 3130 706 3198 viater;
966 3111 994 3392 ωε

345 2834 372 2887 N
374 2851 406 2889 ee
424 2834 513 2889 Sicula
532 2834 675 2889 Palinurus
692 2836 774 2890 unda.
