2008 3416
85 74 130 122 106
355 67 511 118 HORATII
524 65 658 116 mom

84 152 220 206 Indormis
237 149 344 204 inhians
362 153 391 203 et
407 153 546 218 tamquam
563 164 676 217 parcere
695 152 777 202 saeris

85 227 196 294 Cogeris
213 229 261 280 aut
277 221 358 294 pictis
375 228 514 292 tamquam
531 224 651 292 gaudere
668 224 784 278 tabellis.

84 301 180 355 Nescis
197 317 251 370 quo
269 301 358 353 valeat
375 300 517 352 nummus?
535 315 616 366 quom
634 299 766 366 praebeat
782 299 882 354 usumi

86 376 168 430 Panis
186 378 298 442 ematur,
317 374 384 441 olus,
401 373 457 426 vini
474 373 616 440 sextarius,
634 374 707 428 adde
990 425 991 432 ,

87 451 154 514 Quis
170 451 288 504 humana
306 449 359 502 sibi
376 448 469 502 doleat
485 451 583 502 natura
600 448 713 515 negatis.
916 463 952 505 75

87 527 133 580 An
150 525 261 593 vigilare
279 527 355 578 metu
373 523 531 590 exanimem,
548 526 696 591 noctesque
713 523 826 592 diesque

88 601 247 654 Formidare
265 599 349 652 malos
366 598 447 666 iures,
464 597 596 664 incendia,
615 614 706 651 servos

88 675 114 729 N
116 692 132 728 e
149 679 178 728 to
196 674 341 742 compilent
357 674 500 740 fugientes,
517 673 568 726 hoe
581 672 677 740 jurati
713 673 819 727 Horum

89 750 202 817 Semper
219 765 270 816 ego
287 747 403 816 optarim
420 749 608 816 pauperrimus
626 765 685 802 esse
702 747 839 804 bonorum.
990 761 991 798 3

90 825 154 878 “At
171 824 194 877 si
212 823 348 877 condoluit
365 825 501 876 tentatum
516 823 618 890 frigore
635 840 739 892 eorpus,
915 840 949 880 so

18 959 22 966 ¹
91 902 150 955 Aut
166 898 234 952 alius
251 913 328 952 casus
341 895 413 952 leeto
432 901 462 952 te
479 898 584 966 adfixit,
601 898 686 952 habes
703 899 751 967 qui

91 973 234 1041 Adsideat,
252 970 373 1026 fomenta
389 976 475 1041 parot,
492 973 628 1026 medicum
645 977 724 1041 roget
741 976 773 1027 ut
788 977 818 1027 te

92 1049 210 1104 Suscitet
227 1065 258 1102 ae
274 1048 364 1116 gnatis
381 1047 480 1102 reddat
497 1049 620 1117 carisque
637 1048 817 1119 propinquis.’'

92 1124 154 1180 Non
170 1141 239 1179 uxor
257 1124 360 1177 salvum
378 1127 406 1177 te
423 1122 489 1190 vult,
507 1139 561 1176 non
578 1124 664 1189 filius;
681 1139 775 1177 omnes

92 1199 182 1252 Vicini
200 1199 323 1266 oderunt,
340 1197 405 1262 noti,
423 1198 501 1266 pueri
518 1202 601 1266 atque
618 1199 730 1266 puellae.
919 1213 950 1254 ss
990 1265 991 1268 Ἴ

93 1274 210 1341 Miraris,
229 1289 312 1342 quum
329 1276 362 1328 tu
379 1277 491 1341 argento
508 1277 570 1341 post
588 1273 677 1326 omnia
693 1289 783 1341 ponas,

94 1349 123 1403 Si
139 1365 218 1402 nemo
235 1351 357 1416 praestet
374 1364 456 1416 quem
473 1363 526 1400 non
544 1348 673 1400 merearis
691 1347 825 1402 amoremi

95 1425 141 1477 An
158 1423 181 1476 si
198 1427 333 1490 cognatos,
351 1424 424 1476 nullo
440 1426 539 1476 natura
556 1423 649 1476 labore

96 1499 169 1564 Quos
185 1498 236 1552 tibi
254 1498 309 1565 dat,
327 1499 445 1552 retinere
462 1498 529 1552 velis
547 1515 710 1568 servareque
726 1498 832 1566 amieos,

96 1573 196 1628 Infelix
213 1589 324 1642 operam
341 1573 456 1641 perdasi
474 1577 506 1627 ut
523 1573 546 1626 si
564 1573 624 1641 quis
642 1573 754 1627 asellum
921 1588 950 1629 eo
990 1629 991 1632 ,

97 1649 130 1702 In
148 1648 249 1716 (iampo
266 1648 362 1702 doceat
379 1652 520 1716 parentem
537 1664 646 1702 currere
662 1649 752 1702 frenis.
990 1645 991 1648 ’

96 1723 220 1791 Denique
238 1723 274 1776 sit
291 1723 352 1775 finis
370 1723 526 1791 quaerendi,
544 1739 680 1792 quumque
696 1723 798 1776 habeas
814 1721 880 1792 pius
990 1721 991 1778 ἒ

98 1797 259 1866 Pauperiem
275 1800 381 1850 metuas
397 1798 486 1852 minus
503 1803 532 1853 et
549 1799 628 1853 finire
645 1799 766 1852 laborem
990 1793 991 1798 '

98 1871 221 1941 incipias,
238 1874 317 1940 parto
334 1872 408 1940 quod
424 1873 529 1940 arabas,
547 1891 582 1927 ne
599 1874 681 1927 facias
699 1873 773 1942 quod
990 1899 991 1926 r

97 1945 251 2000 Ummidius
268 1946 393 2015 quidam;
410 1963 464 2000 non
481 1948 562 2016 longa
579 1953 622 2003 est
638 1948 741 2002 fabula:
759 1948 834 2003 dives
921 1963 948 2004 oe

98 2022 138 2076 Ut
154 2022 299 2076 metiretur
315 2039 452 2088 nummos;
469 2023 509 2078 ita
526 2023 653 2078 sordidus
669 2027 702 2078 ut
718 2040 748 2077 se
990 2049 991 2056 .

98 2097 160 2151 Non
177 2114 296 2166 unquam
314 2113 391 2152 servo
408 2099 504 2154 melius
522 2099 650 2164 vestiret3
667 2098 791 2168 adusque

98 2173 260 2240 Supremum
277 2176 393 2240 tempus,
410 2189 446 2227 ne
463 2191 493 2228 se
509 2174 623 2242 penuria
639 2173 726 2227 vietus

98 2247 271 2316 opprimeret
287 2247 434 2302 metuebat.
469 2251 510 2304 At
526 2249 597 2304 hune
613 2249 713 2303 liberta
729 2245 816 2302 securi
990 2279 991 2298 .

97 2322 198 2379 Divisit
215 2321 343 2388 medium,
360 2321 506 2378 fortissima
523 2324 745 2393 Tyndaridarum.
908 2336 945 2378 loo
990 2377 991 2384 .

98 2396 195 2462 “Quid
212 2395 250 2450 mi
266 2396 351 2464 igitur
368 2397 485 2453 suadesi
502 2402 535 2453 ut
551 2401 638 2454 vivam
656 2399 800 2454 Maeniusi
817 2398 867 2452 aut
885 2397 928 2452 sio
990 2431 991 2462 2

97 2473 138 2526 Ut
155 2471 342 2526 Nomentanus
351 2472 377 2527 i’'
412 2472 507 2541 Pergis
523 2474 672 2544 pugnantia
689 2490 780 2529 secum
990 2497 991 2508 ¹

98 2547 244 2602 Frontibus
260 2547 382 2612 adversis
399 2565 573 2618 componere:
591 2567 644 2604 non
661 2565 713 2618 ego
730 2564 841 2602 avarum

98 2622 187 2686 Quum
205 2625 268 2676 veto
284 2626 314 2676 te
331 2623 391 2677 fieri
406 2641 520 2692 vappam
534 2625 619 2691 jubeo
636 2641 669 2679 ae
685 2625 854 2678 nebulonem.
990 2685 991 2694 ἵ

97 2697 149 2752 Est
165 2698 238 2751 inter
255 2698 357 2751 Tanain
375 2698 505 2770 quiddam
523 2715 699 2768 socerumque
717 2699 822 2754 Viselii.
910 2711 944 2754 ros
990 2719 991 2766 j

97 2771 149 2826 Est
165 2773 261 2826 modus
279 2773 307 2826 in
324 2773 413 2842 robus,
431 2778 495 2828 sunt
512 2775 580 2830 eerti
597 2775 716 2842 denique
733 2775 809 2843 fines,

98 2846 171 2910 Quos
188 2847 261 2901 ultra
277 2847 400 2918 citraque
417 2850 514 2919 nequit
530 2850 679 2906 consistere
696 2853 755 2903 rect
802 2888 808 2902 .

99 2920 167 2974 Illuc
184 2921 258 2974 unde
275 2922 329 2975 abii
346 2925 438 2993 redeo,
455 2942 534 2978 nemo
551 2929 584 2979 ut
600 2939 698 2982 avarus
990 2985 991 2990 ,

99 2994 134 3046 Se
151 2995 249 3061 probet
266 3012 297 3048 ao
314 2999 404 3064 potius
421 2999 516 3052 laudet
533 2999 641 3053 diversa
658 3002 811 3068 sequentes,
990 2991 991 3058 i

13 3109 14 3112 ,
100 3065 232 3134 Quodque
249 3067 337 3121 aliena
353 3072 455 3138 capolia
469 3076 550 3138 gerat
565 3073 713 3127 distentius
729 3073 799 3126 uber
848 3111 849 3116 κ
912 3085 943 3125 no
990 3061 991 3154 ]
