2044 3416
308 113 563 166 EPISPOLARUM
580 117 604 165 Ι.
624 117 662 167 le.
863 117 907 167 181

46 194 135 251 Alter
153 191 269 247 rixatur
285 194 321 247 do
338 195 401 248 lana
418 211 500 264 saepe
517 196 636 265 caprina,
890 211 915 251 15

48 271 223 340 Propugnat
239 270 318 336 nugis
335 274 471 326 armatus:
489 271 618 326 “Scilicet
634 273 667 325 ut
683 287 737 327 non

48 347 93 401 Sit
112 347 189 400 mihi
209 345 298 414 prima
315 345 392 414 fides,
411 350 440 401 et
457 360 521 401 vere
536 347 611 416 quod
628 345 719 415 placet
736 350 840 402 utnon

49 422 174 476 Acriter
192 421 320 475 elstram!
359 421 482 476 Pretium
499 426 574 476 aetas
591 422 680 475 altera
698 422 816 478 sordet‚”
867 481 870 488 Δ

49 497 224 566 Ambigitur
236 496 303 564 quid
314 497 404 552 enimi
440 498 539 552 Castor
550 498 619 552 sciat
630 513 665 551 an
677 497 806 551 Dolichos
816 497 894 568 plus;

49 573 241 628 Brundisium
258 572 362 626 Minuci
379 573 476 629 melius
493 573 538 627 via
555 573 638 627 ducat
655 589 691 626 an
709 573 791 642 Appi.
887 589 913 628 ae

51 651 147 714 Quem
168 648 299 702 damnosa
317 648 420 716 Venus,
439 665 521 717 quem
539 664 670 717 praeceps
687 647 747 702 alea
763 647 859 714 nudat,

51 725 155 779 Gloria
174 739 255 791 quem
273 739 357 792 supra
373 724 446 778 vires
464 727 494 778 et
510 723 595 778 vestit
611 727 641 777 et
657 723 744 791 ungit,

52 801 149 864 Quem
168 802 248 852 tenet
264 799 372 866 argenti
390 799 451 853 sitis
468 800 626 868 importuna
641 798 789 868 famesque,

52 876 149 938 Quem
167 875 339 942 paupertatis
355 874 445 943 pudor
461 877 491 928 et
507 875 580 942 fuga,
598 875 676 928 dives
693 876 796 929 amicus

52 951 149 1018 Saepe
168 949 264 1002 decem
282 949 356 1002 vitiis
372 949 532 1003 instructior
550 949 610 1002 odit
628 951 658 1002 et
675 949 782 1004 horret:
890 962 915 1004 26

7 1005 9 1088 Ι
53 1028 120 1079 Aut
138 1023 164 1078 si
181 1037 236 1077 nen
253 1025 314 1078 odit
331 1025 412 1093 regit,
431 1041 463 1078 ac
480 1024 565 1078 veluti
582 1024 628 1092 pia
645 1027 734 1078 mater

7 1105 8 1124 ¹
54 1101 127 1154 Plus
145 1115 229 1168 quam
247 1115 277 1154 se
294 1117 389 1169 sapere
407 1104 437 1154 et
453 1099 601 1154 virtutibus
614 1115 680 1160 esse
693 1098 812 1167 priorem

53 1169 138 1242 Vult,
157 1177 187 1228 et
203 1175 244 1228 ait
260 1191 346 1244 prope
363 1191 441 1230 vcra:
461 1175 564 1228 “Meae
583 1174 757 1243 (contendere
774 1175 838 1242 noli)

7 1241 9 1324 l
54 1247 216 1302 Stultitiam
232 1249 374 1316 patiuntur
392 1266 473 1318 opes3
490 1248 543 1302 tibi
559 1250 673 1318 parvula
690 1266 734 1304 res
752 1255 807 1308 cst:

7 1369 9 1408 l

7 1329 9 1366 l
55 1328 134 1380 Arta
152 1324 234 1378 decet
251 1341 346 1378 sanum
364 1326 491 1378 comitem
508 1329 588 1392 toga
606 1325 702 1380 desine
719 1343 826 1381 mecum
890 1339 916 1380 ω

7 1413 8 1432 ¹
55 1400 201 1455 Gertare.”
237 1400 402 1468 Eutrapelus
419 1402 570 1468 cuicunque
587 1416 686 1455 nocere
702 1401 812 1456 volebat

55 1475 238 1530 Vestimenta
256 1475 340 1529 dabat
357 1476 491 1544 pretiosa:
510 1475 608 1530 beatus
626 1477 698 1529 enim
713 1476 774 1544 jam

7 1563 9 1620 l
56 1552 132 1606 Cum
150 1550 390 1618 pulchris'tunicis
408 1554 498 1605 sumet
515 1567 586 1605 nova
601 1552 712 1606 consiha
731 1555 761 1605 et
778 1567 847 1622 spes,

7 1627 8 1632 ’
56 1625 190 1680 Dormiet
207 1625 236 1678 in
253 1626 349 1694 lucem,
368 1631 457 1680 scorto
473 1629 621 1696 postponet
637 1626 783 1680 honestum

58 1701 197 1767 Officium,
215 1717 340 1755 nummos
356 1701 459 1755 alienos
475 1705 577 1770 pascet,
594 1701 631 1754 ad
647 1701 731 1754 imum
887 1715 911 1756 se

59 1775 156 1830 Thrax
173 1776 228 1829 erit
244 1779 293 1830 aut
311 1776 415 1830 olitoris
433 1779 497 1844 aget
514 1776 642 1830 mercede
659 1775 800 1832 caballum.

59 1851 205 1904 Arcanmn
222 1865 312 1919 neque
329 1855 361 1905 tu
379 1851 545 1906 scrutaberis
562 1851 634 1905 illius
651 1868 777 1920 unquam,

60 1925 300 1993 Commissumque
317 1930 395 1994 teges
412 1931 442 1982 et
458 1927 522 1980 vino
538 1930 628 1980 tortus
645 1931 675 1980 et
691 1928 746 1992 ira;

59 2001 89 2054 N
91 2017 122 2055 ee
140 2003 191 2055 tua
207 2000 332 2054 laudabis
350 2002 441 2056 studia
458 2005 508 2056 aut
524 2001 613 2056 aliena
630 2001 788 2070 reprendes,

59 2077 89 2131 N
91 2093 122 2131 cc
141 2092 203 2130 cum
220 2077 314 2130 venari
331 2077 470 2132 volatilla
487 2081 615 2145 poemata
631 2093 741 2146 pangas.
890 2091 913 2132 rc

60 2153 163 2206 Gratia
180 2153 219 2206 sic
235 2153 352 2206 fratrum
368 2154 539 2222 geminorum
557 2152 720 2221 Amphionis
737 2155 820 2224 atque

60 2229 144 2282 Zethi
162 2228 288 2296 dissiluit,
307 2227 393 2283 donec
410 2231 538 2298 suspecta
556 2245 650 2282 severo
820 2228 823 2235 '

58 2303 204 2357 Conticuit
220 2304 285 2372 lyra.
321 2303 462 2358 Fraternis
479 2303 594 2358 cessisse
608 2307 722 2372 putatur

60 2379 190 2432 Moribus
208 2377 361 2448 Amphion:
382 2383 415 2432 tu
432 2379 500 2434 cede
517 2380 638 2448 petentis
655 2380 735 2434 amici

60 2452 187 2507 Lenibus
203 2453 333 2522 imperiis,
351 2455 513 2524 quotiesque
530 2454 630 2508 educet
647 2455 676 2508 in
693 2469 772 2522 agros
826 2503 828 2506 .
890 2460 915 2499 45

62 2528 174 2582 Aetolis
190 2532 303 2582 onerata
319 2529 408 2606 plagis
422 2529 550 2598 jumenta
567 2546 710 2598 canesque,

61 2605 154 2672 Surge
172 2606 202 2657 et
217 2603 382 2662 inhumanae
400 2605 505 2659 senium
523 2605 629 2674 depone
648 2607 789 2673 Camenae,

61 2679 171 2733 Coenos
187 2681 220 2732 ut
236 2675 341 2749 pariter
357 2681 500 2753 pulmenta
517 2679 655 2734 laboribus
672 2681 780 2746 empta;

61 2753 197 2808 Romanis
215 2755 346 2810 sollemne
363 2756 429 2812 viris
447 2772 522 2824 opus,
538 2755 607 2809 utile
624 2755 712 2807 famae

59 2829 204 2900 litaeque
221 2834 251 2885 et
268 2830 405 2904 membris,
424 2831 586 2910 praesertim
603 2845 665 2883 eum
682 2828 773 2882 valeas
790 2831 820 2884 et
887 2842 913 2884 ω

63 2903 118 2958 Vel
136 2921 220 2958 cursu
237 2921 366 2974 superare
383 2922 478 2960 canem
495 2906 540 2959 vel
558 2903 661 2958 viribus
678 2919 775 2972 apmm

62 2977 165 3034 Possis.
200 2979 284 3036 Adde
302 2981 391 3036 virilia
409 2981 483 3050 quod
501 2981 648 3050 speciosius
665 2995 741 3034 arma

62 3052 129 3108 Nou
146 3057 191 3110 est
208 3055 257 3126 qui
274 3059 390 3115 tractet:
409 3057 469 3124 scis,
488 3072 543 3124 quo
559 3055 676 3110 ulamma
694 3069 810 3109 coronae

17 3191 18 3198 χ
62 3127 176 3184 Proelia
193 3129 329 3186 sustineas
345 3130 524 3200 campestria5
544 3129 663 3201 denique
677 3145 786 3186 saevam
