2044 3416
8 77 10 216 ,
330 104 621 155 rrrsrcnaraumr.
636 107 658 156 1.
868 105 912 154 161

8 221 10 232 .
58 181 129 236 Non
147 179 183 237 ut
199 184 350 252 porticibus
368 185 407 238 sic
419 185 532 254 judiciis
549 185 626 238 fruar
642 184 739 252 isdem,

8 233 10 280 ¹
60 258 126 311 uec
145 274 247 327 sequar
264 263 312 313 aut
329 261 432 328 fugiam
451 277 521 330 quas
540 261 630 328 diligit
648 261 707 328 ipse
723 259 768 314 vu
784 258 851 327 ont,

63 333 141 386 Olim
161 333 237 401 quod
254 335 350 404 vulpes
368 340 480 404 aegroto
498 341 580 390 cauta
596 337 669 389 leoni

8 405 9 416 ¹
63 409 226 477 Respondit
243 411 375 466 referam:
395 413 465 476 Quia
482 429 526 467 me
543 413 659 478 vestigia
675 415 791 480 terrent,

8 553 9 560 ἵ
63 483 172 536 Omnia
188 487 218 537 te
236 485 381 539 adversum
400 487 559 556 spectantia,
577 487 651 540 nulla
667 490 825 540 retrorsum.
898 500 921 541 rs

8 567 9 570 ’
63 558 496 631 Belluamultorumescapitum.
514 562 920 631 Namquidscquarautqnemt

8 661 9 666 =
65 633 140 688 Pars
159 634 299 689 hominum
316 637 402 704 gestit
419 639 572 692 conducere
588 638 705 707 publica,
723 641 787 692 sunt
804 639 851 706 qui

66 709 180 764 Oroatis
198 714 228 764 et
243 712 331 780 pomis
348 713 444 766 viduas
461 717 595 767 venentur
612 729 715 782 avaras,

66 785 272 854 Excipiamque
289 803 367 841 senes
385 805 453 857 quos
470 789 499 842 in
515 790 618 842 vivaria
634 789 762 856 mittant;

66 861 170 916 Multis
187 862 292 916 occulto
309 865 407 918 crescit
423 881 469 918 res
485 865 585 918 fenore.
621 865 726 918 Verum
896 878 920 916 co

67 937 139 990 Esto
158 937 219 991 aliis
236 938 302 992 alios
319 939 401 993 rebus
419 940 571 1009 studiisque
588 941 691 995 teneri:

68 1012 154 1066 Idem
172 1013 269 1068 eadem
286 1019 401 1083 possunt
417 1015 512 1069 horam
529 1015 628 1068 durare
645 1015 809 1084 probantes?

67 1087 173 1142 Nullus
189 1089 218 1142 in
236 1088 302 1143 orbe
320 1091 395 1144 sinus
413 1091 487 1144 Baiis
504 1091 643 1160 praelucet
660 1091 787 1158 amoenis,

68 1164 101 1218 Si
118 1163 192 1218 dixit
209 1165 292 1233 dives,
309 1165 383 1220 lacus
400 1169 430 1220 et
447 1183 522 1220 mare
540 1167 624 1220 sentit
641 1181 761 1220 amorem

68 1239 239 1294 Festimntis
256 1240 330 1306 heri;
347 1242 391 1296 cui
409 1242 433 1296 si
449 1242 546 1296 vitiosa
562 1241 648 1295 libido
896 1256 920 1295 ss

68 1314 183 1369 Fecerit
199 1317 356 1384 auspicium,
374 1317 388 1344 “
394 1317 461 1372 Cras
478 1318 644 1370 ferramenta
662 1317 782 1372 Teanum

68 1390 192 1458 Toliatis,
210 1391 303 1445 fabri?
340 1393 442 1446 Lectus
459 1393 572 1461 genialis
589 1393 617 1446 in
635 1392 697 1445 aula
713 1396 764 1461 est,

68 1465 118 1519 Nil
135 1467 177 1520 ait
194 1481 254 1520 esse
270 1466 354 1536 prius,
371 1469 468 1522 melius
485 1469 524 1522 nil
541 1467 645 1522 caelibe
662 1467 733 1533 vita3

68 1541 173 1596 Sinon
190 1544 235 1596 est
247 1541 326 1610 jurat
342 1543 411 1598 bene
429 1543 493 1597 solis
511 1559 570 1597 esse
588 1541 701 1596 maritis.

68 1617 131 1682 Quo
149 1621 258 1670 teneam
275 1618 368 1672 vultus
385 1621 539 1672 mutantem
557 1619 658 1672 Protea
675 1617 764 1671 nodo?
895 1633 918 1672 sa

69 1691 145 1757 Quid
162 1695 284 1762 pauperi
320 1693 407 1748 Itide:
424 1696 514 1747 mutat
531 1693 681 1762 coenacula,
698 1693 789 1761 lectos,

8 1789 9 1794 ¹
67 1767 181 1836 Balnea,
198 1772 330 1838 tonsores,
348 1769 483 1824 conducto
499 1769 607 1837 navigio
625 1785 711 1838 acque

67 1843 95 1896 N
96 1847 195 1898 auseat
211 1860 243 1898 ac
260 1845 379 1914 locuples
397 1861 479 1914 quem
497 1845 573 1899 ducit
589 1845 667 1912 priva
683 1842 811 1899 triremis

8 1979 9 1986 ἵ
67 1918 98 1972 Si
115 1922 227 1973 curatus
244 1920 379 1989 inaequali
397 1924 507 1975 tonsore
526 1919 636 1989 capillos

8 2051 9 2056 χ
67 1995 191 2062 Oceani,
209 1994 297 2061 rides;
314 1996 338 2048 si
354 1997 426 2050 forte
444 1996 574 2050 subucula
591 2011 677 2063 pexae
896 2009 918 2050 ss

66 2070 146 2124 Trita
163 2069 259 2124 subest
275 2071 383 2126 tunicae
401 2072 444 2126 vel
462 2072 485 2124 si
502 2075 567 2138 toga
584 2069 699 2124 dissidet
715 2069 809 2138 impar,

67 2145 170 2200 Rides:
188 2146 262 2214 quid,
279 2163 341 2218 mea
358 2163 420 2201 cum
437 2151 541 2216 pugnat
558 2147 693 2200 sententia
710 2162 810 2213 secum,

67 2221 151 2286 Quod
168 2221 251 2290 petiit
268 2223 379 2291 spernit,
397 2223 499 2290 repetit
516 2221 590 2291 quod
607 2237 694 2288 nuper
710 2221 809 2290 omisit,

68 2298 191 2351 Aestuat
208 2301 238 2352 et
254 2298 328 2352 vitae
345 2297 515 2352 disconvenit
531 2296 626 2350 ordine
642 2300 710 2364 toto,

68 2371 170 2439 Diruit,
188 2372 323 2441 aedificat,
340 2376 431 2428 mutat
448 2372 583 2443 quadrata
602 2373 744 2428 rotundis?
883 2386 919 2425 loo·
984 2371 986 2374 ’

68 2445 195 2502 Insanire
211 2452 292 2515 putas
310 2448 450 2502 sollemnia
467 2463 512 2501 mc
528 2463 618 2516 neque
635 2448 717 2516 rides,

68 2520 127 2578 Nec
145 2521 246 2576 medici
263 2523 352 2577 credis
369 2540 419 2576 nec
436 2523 569 2577 curatoris
587 2539 668 2590 egere

68 2602 94 2652 A
110 2601 242 2668 praetore
259 2597 325 2666 dati,
343 2615 435 2658 rerum
452 2598 541 2653 tutela
557 2615 679 2652 mearum

68 2675 139 2728 Onm
157 2674 195 2727 sis
212 2677 241 2728 et
257 2691 339 2743 prave
357 2678 462 2728 sectum
479 2673 655 2728 stomacheris
675 2673 711 2726 ob
728 2688 846 2740 unguem

69 2747 110 2803 De
128 2753 160 2804 te
176 2749 330 2819 pendentis,
347 2753 377 2804 te
395 2750 565 2818 respicientis
582 2747 668 2802 amici.
884 2763 917 2802 10⁵

69 2825 116 2878 Ad
132 2841 279 2879 summam:
298 2826 406 2895 sapiens
423 2842 477 2879 nno
494 2826 582 2878 minor
600 2827 643 2877 est
660 2822 737 2888 Jove,
756 2821 840 2890 dives,

70 2898 160 2968 Liber,
177 2901 333 2970 honoratus,
350 2901 471 2970 pulcher,
488 2917 538 2954 rex
556 2899 673 2966 denique
691 2912 801 2963 regum;

8 2897 13 3112 ι
70 2975 220 3045 Praecipue
236 2992 324 3042 sanus,
342 2977 395 3029 nisi
414 2992 475 3030 cum
493 2975 595 3044 pituita
611 2973 726 3028 molesta
743 2975 793 3030 est
