2044 3416
119 101 164 148 154
398 99 551 148 HORATII
568 99 698 148 FLACCI

118 179 178 230 Aut
195 180 330 247 quianon
350 179 435 232 sentis
453 178 527 247 quod
544 178 644 232 clamas
662 178 764 231 rectius
781 194 850 245 esse,
969 199 1001 238 ις

118 253 178 306 Aut
195 255 259 322 quia
276 272 331 308 non
348 255 443 308 firmus
460 257 565 307 rectum
583 253 715 319 defendis,
734 257 764 306 et
780 253 884 308 haeres

117 326 145 380 N
146 329 307 399 equiequam
325 346 408 384 coeno
425 329 538 398 cupiens
556 328 673 382 evellere
691 329 820 396 plantam.

118 401 222 459 Romae
240 423 287 459 rus
305 410 390 475 optas,
409 403 549 458 absentem
566 404 684 457 rusticus
701 403 799 456 urbem

119 477 201 532 'Pollis
219 481 316 535 adt
273 498 303 535 as
305 485 348 534 tra
365 479 439 534 levis
474 478 504 532 si
522 495 654 547 nusquam
671 495 702 532 es
719 477 790 531 rorte
807 482 938 534 vocatus
1013 486 1014 538 1

119 553 167 606 Ad
185 571 296 610 coenam
314 556 409 610 laudas
422 571 547 608 securum
564 555 624 606 olus
641 569 680 620 ac,
699 553 774 607 velut
792 567 919 620 usquam
965 569 1014 611 sc

119 627 236 683 Vinctus
253 647 306 698 eas,
325 631 364 684 ita
380 633 410 684 te
427 631 535 684 felicem
552 629 621 682 dicis
638 644 767 697 amesque

119 703 199 767 Quod
216 722 350 774 nusquam
368 705 421 758 tibi
438 705 475 758 sit
492 704 650 792 potandum.
684 703 806 758 Jusscrit
823 703 861 757 ad
881 721 917 758 se

118 777 264 833 Maecenas
283 797 374 834 serum
391 779 443 834 sub
460 779 562 833 lumina
578 781 667 848 prima
683 779 776 833 venire

118 854 280 910 Convivam:
299 856 419 910 ‘Nomen
436 855 525 908 oleum
543 855 598 909 fert
614 855 706 910 ocius?
725 845 827 924 Ecquis

119 929 234 984 Auditt’
254 947 316 984 cum
334 947 432 1000 magno
448 930 568 984 blateras
586 931 703 985 clamore
720 930 851 999 iugisque.
958 948 989 989 as

119 1004 239 1060 Mulvius
256 1010 285 1061 et
303 1023 412 1061 scurrae
429 1006 481 1061 tibi
499 1023 553 1060 non
570 1006 714 1061 referenda
730 1005 834 1076 precati

119 1079 338 1136 Disceduntbl
315 1082 424 1136 Etenim
442 1083 529 1136 fateor
547 1099 599 1150 me,
617 1081 720 1136 dixerit
739 1082 793 1149 illc,
1014 1098 1015 1136 ι

119 1155 190 1210 Duci
208 1161 271 1211 vent
272 1175 303 1212 re
259 1157 417 1225 t,levem
435 1174 531 1228 nasum
548 1124 643 1211 nidore
661 1157 778 1226 supinor,
1014 1171 1015 1174 ’

120 1231 309 1299 Imbecillnss
301 1249 382 1298 mers,
400 1233 423 1286 si
441 1233 550 1301 quid
525 1250 566 1286 vis
584 1233 656 1288 adde
673 1233 780 1302 popino.

119 1305 168 1373 Tu,
186 1322 248 1360 cum
266 1307 303 1360 sis
320 1307 394 1376 quod
411 1324 462 1375 ego
479 1311 509 1362 et
526 1303 665 1362 fortassis
666 1309 787 1377 nequior,
805 1307 881 1370 ultro
956 1327 985 1366 so

120 1381 262 1436 Insectere
279 1383 355 1437 velut
372 1383 468 1436 melior
485 1383 631 1452 verbisque
648 1383 754 1436 decoris

120 1455 256 1511 Obvolvas
273 1458 387 1512 vitiumt
424 1458 504 1525 Quid,
523 1457 546 1510 si
564 1475 608 1512 me
626 1459 735 1512 stultior
752 1460 811 1528 ipsc

120 1531 283 1599 Quingentis
301 1537 393 1602 empto
411 1533 548 1587 drachmis
566 1533 759 1602 deprenderis!
795 1533 885 1587 Aufer

120 1606 167 1661 Me
185 1609 263 1662 vultu
280 1612 401 1675 torrere;
419 1625 529 1662 manum
546 1609 769 1676 stomachumque
786 1611 890 1676 teneto,

120 1681 193 1736 Dum
212 1701 283 1753 quae
303 1684 421 1753 Crispini
439 1685 533 1738 docuit
550 1701 594 1738 me
607 1683 712 1752 janitor
729 1683 789 1738 odo.
954 1703 983 1741 4⁵
1015 1708 1016 1724 ι

121 1757 160 1811 'Pe
177 1760 276 1827 conjux
295 1760 382 1813 aliena
400 1760 480 1828 capit,
499 1758 672 1813 meretricula
691 1757 810 1812 Davum:

122 1833 221 1886 Peccat
239 1838 303 1886 uter
320 1837 444 1887 nostrum
464 1851 544 1889 cruce
563 1834 688 1902 digniust
725 1833 806 1888 Acris
822 1831 870 1886 ubi
888 1848 938 1887 mc

121 1907 229 1961 Natura
247 1909 374 1975 intendit,
394 1909 445 1963 sub
463 1911 537 1964 clara
555 1911 630 1964 nuda
646 1909 756 1963 lucerna

122 1983 305 2052 Quaecunque
323 1985 431 2053 excepit
449 1985 586 2052 turgentis
605 1984 721 2038 verbera
737 1983 847 2051 caudae,

122 2057 253 2113 Olunibus
271 2063 320 2115 aut
341 2061 455 2129 agitavit
476 2076 577 2128 equum
596 2059 695 2113 lasciva
713 2059 846 2128 supinum,
951 2075 981 2115 co

121 2132 246 2188 Dimittit
264 2152 353 2204 neque
371 2137 502 2189 famosum
522 2151 612 2203 neque
633 2134 777 2188 sollicitum
794 2149 830 2187 ne

122 2206 180 2261 Dit’
160 2211 213 2261 ιιοι
233 2213 281 2263 aut
298 2211 402 2266 formae
420 2210 540 2264 melioris
559 2210 643 2264 meiat
662 2210 766 2264 eodem.

122 2282 164 2336 Tu
181 2299 243 2336 cum
261 2286 392 2352 projectis
410 2285 568 2354 insignibus,
588 2285 686 2339 annulo
707 2283 828 2353 equestri

122 2357 299 2428 Romanoque
317 2359 419 2427 habitu,
438 2361 532 2430 prodis
552 2377 588 2414 ex
602 2348 697 2428 judic'e
716 2360 804 2412 Densa

122 2433 226 2503 Turpis,
246 2434 389 2489 odoratum
409 2440 491 2504 caput
509 2435 673 2490 obscurante
692 2435 806 2500 lacerna,
952 2449 981 2494 6⁵

121 2509 185 2564 Non
204 2527 234 2564 es
255 2511 329 2580 quod
348 2511 476 2566 simulas?
511 2511 640 2566 Metuens
657 2511 795 2564 induceris
815 2512 900 2579 atque

123 2585 281 2639 Altercante
300 2584 458 2638 libidinibus
476 2587 571 2640 tremis
590 2602 651 2640 ossa
668 2601 775 2673 pavore

122 2660 195 2725 Quid
214 2661 299 2715 refert
317 2661 367 2731 uri,
387 2661 470 2728 virgis
490 2661 617 2731 ferroque
635 2661 726 2715 necari

122 2737 289 2790 Auctoratus
308 2753 362 2803 eas,
382 2753 417 2790 an
437 2737 513 2864 turpi
531 2736 665 2790 clausus
657 2753 685 2789 ιιι
704 2751 774 2803 arca,

122 2807 182 2872 Quo
200 2813 230 2862 te
249 2809 360 2865 demisit
377 2814 476 2882 pecca
473 2826 483 2863 1
502 2811 609 2864 conscia
626 2811 728 2878 herilis,
948 2835 972 2872 ω

123 2883 253 2938 Contract
241 2887 299 2937 tum
317 2886 432 2952 genibus
450 2875 547 2952 tangas
566 2887 664 2955 caput?
684 2886 771 2939 Estne
789 2885 888 2941 marito
996 2949 1001 2958 ,

119 2957 181 3010 ¹Mat
170 2962 264 3010 tronae
283 2961 446 3026 peccantis
438 2978 467 3012 ιιι
484 2961 565 3014 ambo
576 2961 654 3028 justa
671 2963 812 3031 potestas?

123 3028 158 3080 Ιιι
175 3038 360 3096 corruptorem
376 3034 420 3086 vel
433 3035 543 3097 Justior.
578 3036 631 3088 Illa
646 3040 739 3090 tamen
757 3053 788 3090 sc

122 3099 186 3152 Non
202 3101 298 3154 habitu
315 3108 436 3158 mutatve
453 3107 519 3174 loco,
536 3115 663 3174 peccatve
682 3127 807 3180 superne
