2044 3416
75 109 124 158 alo
352 105 506 170 HORATII
523 99 654 154 sunem

75 187 113 241 nt
129 187 234 242 faciunt
250 200 335 256 prope
352 186 431 253 plura
448 185 605 240 dolentibus
622 201 658 238 ex
675 186 774 254 animo,
792 187 832 244 sic
918 192 922 208 ¹

76 262 189 316 Derisor
205 277 271 314 vero
288 260 350 330 plus
367 260 509 315 laudatore
527 264 659 314 movetur.

76 335 168 404 Reges
186 334 314 388 dicuntur
331 334 424 387 multis
441 351 541 402 urgere
559 335 665 388 culullis

76 411 114 464 Et
131 414 261 479 torquere
278 425 355 462 mero
373 425 454 477 quem
472 412 644 478 perspexisse
661 409 795 479 laborant,
891 425 926 466 435

76 485 123 538 An
141 485 178 539 sit
194 484 313 539 amicitia
330 483 442 552 dignus:
460 485 483 538 si
500 485 620 539 carmina
637 485 737 539 condes

76 560 223 630 Nunquam
240 562 270 614 te
287 559 384 614 fallant
400 559 483 614 animi
502 561 552 614 sub
570 561 651 628 vulpe
668 560 793 614 latentes.

77 636 208 700 Quintilio
226 635 249 690 si
267 635 334 704 quid
350 635 489 706 recitares,
507 636 640 704 “Oorrige
657 636 738 690 sodes

77 710 161 779 Hoc‚”
179 711 277 780 aiebat,
291 711 345 765 '“et
361 710 441 764 hoc:”
459 711 555 766 melius
572 715 602 765 te
619 727 699 779 posse
717 725 831 778 negares

77 785 125 841 Bis
142 791 241 856 terque
257 790 402 855 expertum
421 785 529 854 inistm,
548 785 641 840 delere
655 785 773 854 jubebat
890 801 929 842 ilo

77 862 113 916 Et
130 863 201 916 male
217 865 340 916 tornatos
357 862 449 915 incudi
466 861 585 915 reddere
603 877 705 916 versus.

77 937 106 990 si
124 937 272 992 defendere
290 937 420 991 delictum
437 953 519 1004 quam
536 940 645 992 vertere
664 937 765 1006 melles,

76 1012 189 1066 Nullum
200 1013 274 1068 ultra
285 1013 399 1066 verbum
410 1015 459 1065 aut
470 1028 580 1080 operam
593 1011 747 1066 insumebat
757 1013 865 1067 inanem

77 1089 149 1154 Quin
167 1089 224 1143 sine
241 1087 319 1142 rivali
337 1091 421 1156 teque
440 1091 469 1142 et
487 1091 536 1142 tua
553 1088 627 1142 solus
644 1104 757 1142 amares.

77 1163 127 1218 Vir
143 1164 228 1218 bonus
245 1168 275 1218 et
289 1164 410 1232 prudens
425 1179 519 1216 versus
534 1163 721 1234 reprehendet
735 1165 845 1232 inertes,
887 1177 927 1219 441

78 1239 205 1308 Oulpabit
222 1239 312 1306 duros,
330 1239 475 1307 incomptis
492 1238 595 1293 adlinet
612 1243 704 1293 atrmn
770 1243 774 1254 '

78 1313 207 1369 Traverso
224 1315 327 1369 calamo
344 1314 458 1382 signmn,
475 1313 618 1368 ambitiosa
632 1314 745 1370 ¹recidet.

77 1391 249 1458 ornamenta,
267 1389 462 1459 panun‘claris
480 1389 567 1444 lucem
578 1389 653 1444 'dare
671 1393 756 1459 coget,

77 1469 184 1534 Arguet
202 1465 329 1533 ambigue
347 1464 458 1530 dictum,
478 1465 610 1519 mutanda
628 1464 743 1534 notabit,

77 1541 140 1596 Fiet
158 1541 348 1604 Aristarchus;
365 1555 421 1593 non
438 1539 525 1594 dicet:
544 1540 621 1594 “Cur
638 1557 689 1608 ego
706 1540 823 1594 amicum
888 1553 928 1594 45⁰
1007 1573 1008 1576 =

77 1616 218 1670 Offendam
236 1616 265 1670 in
283 1614 392 1684 nugisl”
429 1613 491 1668 Hae
508 1631 596 1682 nugae
614 1616 685 1670 scria
702 1616 803 1671 ducent

77 1692 111 1745 In
128 1692 199 1746 mola
216 1691 337 1746 derisum
355 1689 439 1743 semel
458 1694 658 1760 exceptumque
675 1691 794 1745 sinistre.

76 1767 117 1821 Ut
133 1767 204 1820 mala
222 1781 304 1835 quem
323 1764 429 1818 scabies
448 1767 496 1818 sut
515 1765 627 1819 morbus
644 1766 736 1834 regius
756 1769 837 1835 urget

77 1845 137 1896 Aut
152 1842 286 1895 fanaticus
304 1855 381 1894 error
398 1841 427 1892 et
445 1839 576 1893 iracunda
593 1840 689 1910 Diana,

76 1918 215 1972 Vesanum
230 1915 357 1982 tetigisse
373 1913 474 1968 timent
491 1913 655 1984 fugiuntque
672 1919 782 1985 poetam
890 1932 930 1974 455
1007 1909 1008 1938 ³

77 1991 129 2056 Qui
147 1992 271 2062 sapiunt;
288 1989 394 2059 agitem
410 1988 488 2057 pueri
507 1989 663 2058 incautique
680 1995 838 2060 mquuntur.

77 2067 139 2134 Hic,
157 2068 223 2121 dum
240 2065 364 2122 sublimis
380 2080 475 2118 versus
493 2068 617 2121 ructatur
634 2069 665 2120 et
682 2070 763 2134 enat,

77 2141 108 2195 si
124 2142 209 2196 veluti
226 2141 337 2196 merulis
354 2141 477 2195 intentus
494 2139 599 2194 decidit
615 2157 715 2210 auceps

78 2217 113 2270 In
129 2221 241 2286 puteum
259 2217 406 2285 foveamve,
422 2215 495 2282 licet,
513 2215 711 2286 “succurrite'’
729 2216 840 2286 longum

77 2293 191 2359 Clamet,
210 2291 262 2344 “lo
279 2291 351 2345 cives
359 2292 381 2346 1'’
398 2308 453 2345 non
470 2292 508 2345 sit
525 2292 573 2360 qui
590 2292 688 2346 tollere
705 2297 790 2348 curet.
892 2311 929 2352 coo
1007 2345 1008 2358 ,

77 2367 107 2421 Si
124 2369 201 2420 curet
219 2365 281 2434 quis
298 2381 377 2434 opem
395 2366 468 2420 ferre
487 2369 517 2420 et
535 2367 682 2422 demittere
699 2367 800 2437 sunem,
824 2383 831 2391 ·

78 2441 223 2513 “Qui-scis
239 2457 274 2494 an
291 2441 413 2509 prudens
430 2441 483 2494 huc
501 2457 530 2495 se
547 2441 694 2510 projecerit
711 2447 795 2514 atque

78 2519 186 2574 Servari
203 2517 272 2571 nolit
279 2517 304 2572 l³²
323 2516 420 2583 dicam,
439 2517 576 2585 Siculique
592 2521 691 2586 poetae

78 2594 204 2650 Narrabo
221 2593 371 2648 interitum.
406 2592 481 2646 Deus
499 2593 661 2648 immortalis
677 2593 775 2649 haberi

78 2671 151 2726 Dum
163 2670 238 2741 cupit
250 2667 436 2738 Empedocles,
448 2666 592 2722 ardentem
603 2669 719 2738 frigidus
732 2671 854 2726 Aetnam
871 2681 876 2692 '
892 2685 930 2726 les

79 2747 195 2802 Insiluit
230 2745 273 2801 Sit
286 2745 334 2814 jus
351 2744 486 2813 liceatque
503 2744 593 2812 perire
609 2745 712 2813 poetis:

79 2823 199 2890 Invitum
217 2821 265 2897 qui
283 2824 375 2874 servat
391 2819 465 2873 idem
482 2819 549 2873 lacit
566 2820 707 2875 occidenti.

78 2898 104 2951 N
106 2915 137 2953 ee
156 2898 238 2953 semel
255 2897 307 2950 hoc
322 2895 395 2961 fecit,
414 2911 464 2948 nec
482 2895 505 2948 si
522 2897 658 2950 retractus
676 2895 730 2950 erit
743 2895 804 2964 jam

79 2972 143 3026 Fiet
159 2972 239 3026 honio
256 2974 287 3024 et
302 2973 386 3038 ponet
404 2969 523 3023 famosae
540 2971 637 3024 mortis
654 2987 784 3026 amorem.

79 3045 105 3098 N
108 3061 139 3098 eo
156 3045 222 3098 satis
239 3049 353 3113 apparet
369 3060 418 3098 cur
434 3060 529 3098 versus
545 3045 662 3116 factius,
680 3051 775 3102 utrum
893 3065 930 3106 411

80 3117 213 3171 Minxerit
229 3119 258 3171 in
274 3119 379 3184 patrios
395 3118 508 3184 cineres,
526 3135 561 3172 an
580 3121 662 3176 triste
682 3122 806 3178 bidental
