2036 3416
350 125 555 175 CARMINUM
572 125 595 173 1.
616 124 653 178 17.

210 213 321 266 stema
339 224 436 261 causae
454 223 503 260 cur
519 207 642 276 perirent

246 283 384 338 Funditus
401 284 628 352 imprimeretque
646 288 731 339 muris

174 360 287 416 Hostile
306 363 427 413 aratrum
445 361 582 414 exercitus
600 360 727 414 insolens.

175 437 327 503 Compesce
345 439 483 490 mentem:
501 453 546 489 me
564 450 673 504 quoqne
692 438 808 502 pectoris

213 512 342 566 'lentavit
359 511 388 564 in
405 509 478 564 dulci
491 509 610 578 juvente

248 587 353 640 Ferror
370 590 399 642 et
416 586 445 640 in
463 586 566 640 celeres
583 585 690 638 'iambos

177 661 258 716 Misit
274 662 426 725 furentem3
442 676 515 713 nunc
532 675 582 726 ego
600 659 711 712 mitibus

177 735 289 790 Mutare
307 751 408 805 quaero
425 734 524 800 tristia,
543 733 609 787 dura
627 734 694 787 milri

215 811 279 865 Uias
296 810 444 864 recantatis
462 810 549 862 antica
781 869 783 874 ¹

249 885 409 954 Cpprobriis
426 884 601 953 animumque
618 883 726 940 reddas.

456 1025 552 1080 XVII.

179 1111 281 1165 Venox
298 1125 440 1164 amoenum
459 1124 541 1176 saepe
559 1107 723 1163 Lucretilem

179 1187 273 1240 Mutat
290 1185 395 1252 Lycaeo
414 1183 524 1236 Faunus
542 1186 572 1236 ct
588 1183 698 1249 igneam

215 1259 347 1314 Defendit
363 1261 498 1312 aestatem
515 1256 625 1325 capellis

250 1335 346 1403 Usque
363 1333 433 1388 meis
450 1333 610 1401 pluviosque
628 1336 732 1388 ventos.

180 1411 298 1478 Impune
316 1411 408 1462 tutum
425 1424 476 1478 per
492 1424 589 1460 nemus
606 1407 718 1461 arbutos

91 1480 95 1483 ’
181 1485 323 1550 Quaerunt
339 1484 458 1538 latentes
475 1486 505 1538 et
521 1483 616 1550 thyma
633 1483 726 1538 devies

216 1561 323 1614 Olentis
340 1575 438 1612 uxores
456 1559 555 1624 mariti,

249 1635 275 1688 N
278 1652 310 1692 ec
326 1635 428 1688 virides
445 1637 573 1688 metuunt
590 1633 713 1688 colubras

181 1711 241 1765 Nec
258 1710 399 1764 Martiales
418 1709 562 1764 Haeliliae
580 1707 666 1776 lupos,

181 1787 328 1854 Utcunque
346 1785 426 1852 dulci,
444 1784 570 1854 Tyndari,
588 1783 679 1838 fistula

216 1862 309 1916 Valles
327 1865 357 1915 et
374 1861 486 1914 Usticae
504 1859 628 1913 cubantis
722 1881 724 1886 ’

250 1937 333 1990 Levia
349 1951 514 2004 personuere
533 1951 605 1990 saxa

184 2011 219 2066 Di
236 2028 281 2065 me
298 2014 419 2078 tuentur,
437 2009 480 2063 dis
497 2010 585 2078 pietas
603 2026 665 2064 meo

184 2086 220 2141 Et
238 2087 318 2140 Musa
335 2086 411 2140 cordi
429 2089 479 2139 est.
514 2085 569 2138 Hic
586 2084 638 2137 tibi
656 2090 732 2151 copia

216 2161 340 2215 Manebit
357 2160 521 2228 adplenum
539 2159 657 2226 benigno

251 2235 334 2288 Ruris
350 2235 483 2288 honorum
501 2235 628 2302 opulenta
645 2249 731 2288 cornu

182 2311 237 2365 Hic
254 2311 282 2364 in
299 2310 414 2363 reducta
431 2310 500 2362 valle
519 2307 661 2362 Caniculae

184 2385 291 2440 Vitabis
308 2389 400 2438 aestus
418 2387 447 2438 et
464 2384 519 2438 fide
537 2384 603 2438 Teia

216 2461 298 2515 Dices
315 2460 471 2514 laborantes
489 2460 517 2513 in
535 2475 589 2511 uno

251 2535 405 2603 Penelopen
423 2535 590 2602 vitreamque
608 2533 720 2600 Circen3

183 2609 238 2665 Hic
255 2610 405 2664 innocentis
422 2610 518 2678 pocula
536 2608 628 2662 Lesbii

183 2688 273 2742 nuces
291 2685 342 2739 sub
360 2684 464 2751 umbra,
481 2700 532 2737 nec
550 2684 701 2738 Semeleius

218 2760 287 2815 Cum
306 2760 397 2813 Marte
414 2758 562 2813 confundet
580 2759 721 2826 Thyoneus

253 2835 367 2901 Proelia,
386 2851 435 2887 nec
452 2837 558 2887 metues
574 2829 743 2902 protervum

183 2907 315 2977 Suspecta
334 2909 441 2976 Cyrum,
460 2925 495 2961 ne
512 2908 582 2961 male
600 2906 702 2973 dispari

183 2983 389 3038 Incontinentes
406 2983 510 3052 injiciat
527 2997 623 3036 manus

217 3059 255 3112 Et
272 3059 378 3114 scindat
397 3060 555 3113 haerentem
573 3072 699 3110 coronam

252 3133 379 3188 Crinibus
397 3133 615 3198 immeritamque
632 3129 744 3186 restom.

898 125 929 174 lt
