2008 3416
331 119 547 171 SATIRARUM
562 121 585 170 Ι.
604 122 627 170 4.
854 119 900 166 115

7 213 8 216 ’
54 195 132 252 Hunc
149 199 224 267 capit
241 195 348 266 argenti
367 199 508 267 splendor;
526 202 619 268 stupet
639 198 737 253 Albius
754 215 835 264 aere;

53 271 105 327 Hic
122 277 213 327 mutat
230 290 335 327 merces
353 278 483 342 surgente
501 291 517 328 a
535 275 591 329 sole
608 275 644 328 ad
663 292 725 328 eum
743 291 798 343 quo

53 337 219 418 vespertina
235 353 314 417 tepet
331 349 414 417 regio,
432 351 498 418 qum
515 367 566 417 per
582 351 654 404 mala
670 365 802 420 praeceps
877 363 901 405 ao

54 423 152 478 Fertur
169 424 212 478 uti
229 424 318 492 pulvis
336 425 464 478 collectus
481 425 598 493 turbine,
615 442 651 478 ne
668 425 735 494 quid

54 499 164 552 Summa
182 499 317 568 deperdat
334 504 459 553 metuens
477 504 525 554 aut
542 501 654 570 ampliet
670 504 702 553 ut
719 515 785 553 rem.

54 574 156 628 Omnes
174 574 202 628 hi
220 578 348 629 metuunt
365 591 466 643 versus,
484 575 568 629 odere
584 575 685 644 podtas.

54 649 199 704 “Poenum
211 649 296 703 habet
308 649 335 703 in
347 659 445 715 cornu;
463 651 541 718 longe
552 651 630 718 fuge:
649 648 796 704 dummodo
807 648 893 703 risum

54 725 183 781 Excutiat
200 725 252 778 sibi
270 741 324 778 non
342 725 386 780 hle
402 727 527 795 cuiquam
545 729 640 795 parcet
657 727 759 790 amico;
876 739 900 779 so

55 800 90 854 Et
107 800 183 869 quod
200 817 308 870 cunque
325 801 410 855 semel
427 802 529 854 chartis
546 802 663 855 illeverit
680 817 774 855 omnes

5 913 7 922 ,
55 874 163 930 Gestiet
181 893 197 930 a
213 876 293 930 furno
310 876 458 930 redeuutes
475 877 544 930 scire
561 877 676 946 lacuque

54 950 89 1004 Et
106 967 208 1020 pucros
226 954 255 1004 et
271 951 361 1005 anus.''
399 951 535 1019 Agedum,
553 969 640 1020 pauca
656 953 747 1021 accipe
763 955 864 1006 contra.

54 1025 178 1079 Primum
195 1042 246 1094 ego
263 1043 307 1080 me
324 1026 431 1080 illorum
449 1027 574 1081 dederim
592 1028 690 1096 quibus
708 1044 768 1081 esse
785 1027 874 1096 pottis

53 1101 206 1176 Excerpam
223 1118 349 1156 numero:
366 1119 454 1172 neque
472 1103 544 1156 enim
562 1103 722 1156 concludere
738 1119 847 1156 versum
875 1119 899 1156 ro

54 1177 164 1230 Dixeris
181 1193 241 1231 esse
258 1177 342 1243 satis;
358 1193 448 1246 neque
466 1178 489 1230 si
507 1178 554 1247 qui
571 1177 672 1231 scribat
688 1177 730 1232 uti
747 1193 796 1231 nos

53 1252 179 1306 Sermoni
196 1253 433 1322 propiora:'putes
450 1252 522 1306 hunc
539 1269 598 1306 esse
615 1257 731 1322 potitam.

53 1328 199 1396 Ingenium
216 1328 260 1381 cui
278 1327 321 1394 sit,
340 1328 383 1382 cui
400 1344 478 1381 mens
495 1327 612 1381 divinior
629 1332 712 1396 atque
730 1344 761 1381 os

52 1403 155 1471 Magna
172 1407 336 1470 sonaturum,
355 1403 404 1456 des
421 1403 536 1456 nominis
553 1403 635 1471 lupus
651 1403 788 1457 honorem.

52 1479 161 1533 Idcirco
178 1478 289 1552 quidam
307 1478 446 1532 comoedia
462 1495 547 1532 necne
563 1483 660 1546 poema
875 1493 899 1534 ⁴5

52 1555 135 1608 Esset
153 1554 320 1622 quaesivere,
338 1553 412 1622 quod
428 1570 491 1607 acer
508 1553 619 1622 spiritus
637 1553 727 1607 aevis

52 1629 111 1684 Nec
128 1629 220 1683 uerbis
237 1645 288 1682 nec
304 1628 386 1682 rebus
402 1628 480 1697 inest,
498 1629 550 1682 nisi
568 1629 642 1696 quod
659 1627 730 1697 pede
747 1630 822 1682 certo

52 1705 153 1758 Differt
171 1704 289 1759 sermoni
307 1720 394 1758 sermo
412 1720 511 1758 merus.
547 1705 587 1757 At
603 1705 682 1772 pater
700 1702 800 1756 ardens

51 1781 152 1848 Saevit,
170 1780 244 1849 quod
260 1780 404 1833 meretrice
420 1796 505 1848 nepos
522 1780 632 1833 insanus
649 1779 735 1832 amica

51 1856 139 1910 Filius
155 1871 269 1909 uxorem
285 1855 383 1922 grandi
400 1870 462 1908 cum
480 1855 545 1909 dote
561 1859 676 1922 recuset,
875 1870 898 1910 ao

52 1931 153 1985 Ebrius
170 1934 207 1999 et,
223 1946 351 1998 magnum
368 1930 442 1999 quod
460 1929 587 1996 dedecus,
606 1929 727 1985 ambulet
745 1933 809 1984 ante

50 2007 169 2061 Noctem
188 2021 249 2059 cum
264 2005 376 2060 facibus.
410 2005 553 2074 Numquid
571 2006 734 2072 Pomponius
751 2005 811 2060 istis

50 2083 172 2140 Audiret
189 2081 290 2136 le'viora
306 2085 385 2151 pater
402 2081 426 2134 si
443 2081 566 2136 viveret?
601 2081 675 2147 Ergo

49 2158 76 2212 N
77 2175 115 2214 on
133 2157 200 2211 setis
220 2161 263 2212 est
279 2157 355 2225 puris
372 2173 481 2217 versum
498 2153 668 2224 perscribere
683 2155 783 2223 uerbis,

49 2234 141 2297 Quem
158 2233 182 2285 si
199 2232 337 2300 dissolves,
355 2233 444 2300 quivis
461 2231 646 2286 stomachetur
663 2230 761 2285 eodem
876 2252 900 2290 55

50 2310 112 2374 Quo
129 2311 290 2377 personatus
306 2311 387 2375 pacto
403 2310 490 2375 pater.
526 2308 579 2360 His
596 2323 646 2375 ego
664 2323 734 2376 quae
750 2323 830 2378 nunc,

49 2385 125 2438 Olim
143 2399 212 2452 quae
229 2383 339 2451 scripsit
357 2383 484 2451 Lucilius,
503 2383 602 2451 eripias
619 2383 643 2438 si

49 2460 185 2528 Tempora
191 2461 267 2512 certa
273 2457 429 2527 modosque,
435 2462 464 2513 et
470 2459 545 2528 quod
552 2460 626 2527 prius
633 2458 729 2512 ordine
735 2449 849 2514 verbum
855 2463 899 2514 est

49 2535 193 2588 Posterius
209 2533 300 2602 facias,
316 2549 486 2604 praeponens
503 2533 599 2587 ultima
615 2534 717 2602 primis,

47 2610 114 2663 Non
131 2612 163 2662 ut
181 2608 204 2662 si
222 2607 310 2662 solvas
329 2609 500 2678 “Postquam
519 2609 661 2662 Discordia
677 2611 750 2662 tetra
880 2628 904 2666 so

48 2684 122 2738 Belli
138 2684 256 2738 ferratos
272 2687 366 2752 postes
383 2688 532 2753 portasque
550 2683 678 2750 refregit’'

48 2759 180 2814 Invenias
197 2760 282 2813 ctiam
300 2759 408 2827 ‹lisjecti
425 2759 548 2813 membra
564 2763 668 2827 po'e'tao.

47 2835 194 2890 Hactenus
211 2834 295 2890 haec:
313 2835 380 2888 alias
393 2834 500 2902 justum
519 2835 555 2888 sit
571 2849 657 2886 necue
674 2836 778 2902 poema,

45 2911 130 2965 Nunc
147 2909 217 2963 illud
234 2913 343 2964 tantum
362 2927 499 2978 quaeram,
517 2909 651 2962 meritone
669 2907 720 2961 tibi
738 2907 774 2962 sit

45 2986 213 3056 Suspectum
230 3003 316 3054 genus
334 2986 385 3039 hoc
403 2984 547 3039 scribendi.
583 2983 688 3038 Sulcius
705 2999 768 3036 acer
880 2997 902 3038 so

45 3065 184 3120 Ambulat
202 3066 232 3118 ot
252 3063 367 3131 Caprius
383 3061 459 3115 rauci
477 3060 548 3114 male
566 3075 681 3127 cumque
698 3057 804 3127 libellis,

44 3141 168 3261 Mffiffl
185 3142 306 3208 uterque
323 3137 406 3193 timor
423 3135 591 3201 latronibus;
608 3139 638 3189 at
655 3134 726 3188 bene
744 3135 766 3187 si
785 3133 847 3203 quis
