2036 3416
360 101 501 147 CARMlN
510 105 566 150 ΗΜ
582 105 603 150 1.
622 105 661 152 29.
903 110 932 158 le

110 175 227 230 Occidit
244 177 275 229 et
293 175 403 244 Pelopis
420 177 535 244 genitor,
553 179 664 233 conviva
681 182 803 248 deorum,

147 251 339 319 Tithonusque
357 256 478 306 remotus
494 251 524 306 in
542 269 621 307 auras

110 327 152 380 Et
170 325 249 379 Jovis
267 327 372 379 arcanis
390 327 481 381 Minos
498 328 640 397 admissus,
658 329 815 402 habentque

147 402 264 456 Tartara
282 399 453 457 Panthoiden
469 402 569 458 iterum
587 404 659 458 Orco

110 477 280 545 Demissum,
298 478 421 546 quamvis
438 479 525 548 clipeo
542 479 659 548 'lrojana
675 481 761 535 refixo

148 553 284 621 Tempora
300 557 420 608 testatus
437 555 505 608 nihil
522 555 595 609 ultra

110 629 141 682 N
143 645 224 682 ervos
241 633 324 698 atque
341 633 432 684 cutem
450 631 532 684 morti
550 635 721 687 concesserat
737 637 820 702 atrae,

149 704 251 758 Judiee
269 709 298 758 te
315 721 368 758 non
386 705 512 761 sordidus
529 712 624 762 auctor

112 781 240 833 Naturae
257 781 375 849 verique.
410 782 466 836 Sed
483 799 576 838 omnes
593 801 647 840 una
664 789 756 840 manet
774 801 828 838 nox
910 799 932 839 rs

150 856 188 909 ltt
206 855 333 910 calcanda
350 857 434 911 semel
452 858 496 912 via
512 859 574 914 leti:

112 931 193 984 Dant
210 931 276 985 alios
294 932 394 986 Fmiae
410 937 489 988 torvo
507 935 661 1004 spectacula
678 935 778 1002 Marti3

150 1007 245 1060 Exitio
262 1011 305 1062 est
322 1008 433 1062 avidum
449 1025 526 1064 mare
542 1011 650 1076 nautis3

111 1081 208 1136 Mixta
225 1099 318 1137 senum
336 1100 367 1137 ae
381 1083 513 1152 juvenum
531 1085 681 1140 densentur
699 1087 802 1149 lunera,
820 1085 923 1140 nullum

151 1157 238 1212 Saeva
255 1163 336 1228 eaput
354 1159 516 1228 Proserpina
533 1161 611 1228 fugit.
907 1177 931 1214 aa

112 1233 165 1287 Me
182 1250 290 1302 quoque
308 1233 405 1289 devexi
424 1237 536 1304 rapidus
553 1252 643 1290 comes
661 1235 770 1290 Orionis

152 1309 267 1377 Illyricis
285 1309 374 1364 Notus
391 1309 484 1364 obruit
500 1311 588 1366 undis.

114 1385 158 1438 At
174 1388 215 1450 tu,
232 1389 322 1451 nauta,
340 1402 425 1454 vagae
442 1403 477 1440 ne
494 1403 575 1455 parce
592 1387 725 1457 malignus
742 1403 840 1442 arenae

152 1459 265 1514 Ossibus
283 1465 312 1515 et
329 1463 412 1530 capiti
430 1461 570 1516 inhumato

113 1535 282 1589 Particulam
295 1536 373 1590 dare:
388 1537 427 1590 sic
438 1538 618 1607 quodeunque
630 1538 778 1592 minabitur
791 1539 879 1592 Eurus
906 1553 929 1592 aa

152 1612 294 1666 Fluctibus
313 1613 456 1682 Hesperiis
474 1615 628 1668 Venusinae

114 1686 276 1741 Pleotantur
294 1687 376 1741 silvae
393 1692 423 1742 te
440 1690 548 1758 sospite,
566 1689 705 1759 multaque
723 1705 825 1744 merces

151 1763 233 1816 Unde
250 1765 342 1832 potest
358 1763 411 1817 tibi
428 1764 531 1818 defluat
548 1779 635 1838 aequo

114 1837 164 1893 Ab
182 1839 253 1892 Jove
269 1839 454 1909 Neptunoque
471 1840 539 1893 sacri
556 1839 669 1894 custode
687 1839 805 1894 Tarenti.

151 1913 178 1966 N
180 1914 276 1982 egligis
293 1915 436 1969 immeritis
453 1917 605 1969 nocituram
905 1933 929 1971 so

114 1989 266 2044 Postmodo
283 1993 312 2044 te
329 1991 402 2044 natis
418 1991 543 2044 fraudem
560 1990 749 2045 committeret
784 1990 853 2044 Fors
870 1994 900 2044 et

151 2064 254 2119 Debita
266 2064 331 2133 jura
348 2067 474 2136 vicesque
492 2067 625 2135 superbae

114 2141 156 2194 'l'e
174 2143 303 2194 maneant
320 2140 421 2209 ipsum:
439 2142 565 2210 precibus
581 2158 635 2195 non
652 2141 761 2210 linquar
776 2140 876 2211 inultis,

152 2215 246 2289 Teque
263 2216 370 2286 piacula
387 2217 461 2271 nulla
477 2218 620 2272 resolvent.
955 2270 957 2274 .

115 2291 288 2360 Quamquam
305 2292 417 2346 festinas
434 2309 488 2346 non
506 2296 550 2347 est
565 2309 641 2348 inore
658 2293 751 2363 longa;
768 2292 862 2348 licebit
904 2309 927 2348 ss

151 2365 260 2435 Injecto
276 2371 321 2422 ter
337 2368 449 2436 pulvere
466 2384 568 2438 curraa

454 2508 561 2564 XXIX.

219 2591 283 2658 leor,
301 2591 389 2646 beatis
406 2607 479 2646 nune
496 2591 619 2646 Arabum
636 2593 740 2648 invides

219 2665 307 2736 Gazis,
325 2672 355 2721 et
371 2683 461 2721 aerem
479 2667 603 2722 militiam
620 2685 700 2737 paras

253 2742 317 2795 Non
334 2747 398 2797 ante
416 2742 531 2796 devictis
549 2743 669 2798 Sabaeae

288 2817 417 2888 Regibus,
435 2818 613 2888 horiibilique
630 2817 715 2872 Medo

219 2890 315 2946 Noctis
332 2897 448 2947 catenas.
484 2893 559 2957 Quae
576 2893 628 2946 tibi
645 2893 780 2961 virginum
918 2909 931 2950 5

221 2965 325 3036 Sponsa
341 2971 439 3022 necato
456 2967 572 3020 barbara
589 2967 709 3024 servietl

254 3043 327 3097 Puer
343 3044 405 3113 quis
422 3059 457 3096 ex
475 3043 537 3096 aula
553 3042 657 3110 capillis

288 3118 335 3171 Ad
352 3118 480 3184 cyathum
497 3121 634 3170 statuetur
652 3121 747 3188 unctis,

139 3205 151 3244 a
