2044 3416
340 47 595 98 EPISTOLARUM
611 49 635 96 1.
653 47 679 98 7.
878 47 923 94 los

48 128 205 183 Strenuus
224 131 256 182 et
272 125 350 182 sortis
367 128 509 196 causisque
528 128 671 196 Philippus
687 125 802 196 agendis

51 205 161 258 Clarus
181 203 222 256 ab
240 202 333 256 officiis
350 207 472 257 octavam
490 203 598 258 circiter
615 203 710 256 horem

52 279 135 332 Dum
155 277 245 344 redit,
264 281 347 346 atque
365 278 437 332 Foro
454 278 568 332 nimium
586 278 689 332 distare
708 276 821 332 Carinas

52 354 126 408 Jam
144 353 267 424 grandis
283 358 351 407 natu
368 353 501 423 queritur,
518 355 666 422 conspexit,
684 356 716 407 ut
733 353 819 418 ciunt,

53 431 211 483 Adrnsum
229 429 367 498 quendum
385 446 470 484 vacus
481 430 598 484 tonsoris
615 429 644 482 in
665 427 763 484 umbra
788 441 793 454 ¹
900 441 925 484 to

53 505 186 559 (tultello
206 505 330 572 proprios
347 509 509 572 purgantem
526 505 625 559 leniter
641 520 757 571 ungues.

53 579 348 647 “Demetri,”-puer
364 579 409 633 hic
425 596 479 634 non
497 579 573 634 laeve
586 579 666 648 jussu
683 579 804 648 Philippi

55 653 342 723 Accipiebot-“ebi
360 671 462 722 quaere
480 655 607 722 streton,
624 653 699 708 unde
717 653 806 719 domo,
824 652 893 722 quis,

55 731 152 798 Cujus
170 731 308 796 fortunae,
327 746 382 798 quo
399 730 436 784 sit
453 734 532 799 patre
550 747 638 799 quove
655 728 792 797 patrono?

56 806 96 872 It,
117 804 200 858 redit
217 809 247 858 et
263 809 364 874 narrat,
382 805 521 860 Volteium
538 806 647 860 nomine
665 805 783 873 Menum,
899 817 923 857 cr

57 881 246 948 Praeconem,
263 881 340 934 tenui
357 897 447 950 censu,
465 881 523 936 sine
539 881 659 949 crimine,
677 883 773 935 notum

56 956 98 1010 Et
117 971 273 1024 properare
289 955 348 1010 loco
366 959 396 1010 et
412 973 519 1010 cessare
536 959 566 1010 et
583 972 715 1026 quaerere
733 954 829 1021 etuti,

57 1031 245 1084 Gaudentem
261 1032 407 1099 parvisque
424 1031 562 1086 sodalibus
579 1036 609 1086 et
625 1031 683 1085 lere
700 1033 774 1086 certo

57 1106 99 1159 Et
118 1105 199 1159 ludis
216 1109 247 1160 et
263 1110 326 1174 post
343 1107 435 1161 decisa
451 1108 562 1174 negotia
580 1107 689 1174 Campo.

59 1182 74 1208 “
84 1180 195 1236 Scituri
211 1180 281 1234 libet
297 1199 332 1236 ex
348 1181 408 1250 ipso
426 1183 605 1252 quodcunque
622 1182 724 1246 refers;
741 1180 787 1235 dic
898 1193 923 1234 co

59 1257 114 1310 Ad
132 1272 250 1330 coenem
266 1257 380 1310 veniet?
416 1257 443 1311 N
444 1274 479 1310 on
497 1273 562 1311 sene
578 1257 692 1312 credere
709 1257 798 1327 Mens,

58 1332 166 1386 Mirari
186 1347 276 1385 secum
294 1331 400 1386 tacitis.
436 1332 509 1397 Quid
526 1325 631 1387 mutat
668 1333 849 1400 “Benigne”v

60 1406 240 1475 Respondet.
263 1407 378 1474 “Neget
389 1407 436 1461 ille
448 1408 515 1461 mihi
525 1408 550 1462 l''
573 1408 589 1435 “
596 1407 622 1461 N
624 1410 689 1476 eget
699 1407 839 1475 improbus
850 1409 880 1461 et
890 1411 920 1460 te

59 1482 88 1536 N
90 1481 195 1551 egligit
212 1484 260 1538 out
277 1481 392 1536 horret?
426 1483 565 1537 Volteium
583 1499 663 1538 mane
682 1482 824 1551 Philippus

60 1557 143 1610 vilia
160 1556 327 1610 vendentem
344 1556 465 1612 tunicato
483 1574 574 1612 scruta
590 1558 698 1628 popello
897 1572 922 1612 os

61 1633 194 1702 Occupat
211 1635 242 1686 et
259 1633 363 1688 salvere
376 1633 458 1701 jubet
475 1634 558 1703 prior.
594 1634 645 1688 ille
664 1631 787 1702 Philippo
897 1661 901 1669 -

62 1708 209 1762 Excusare
226 1708 347 1762 laborem
365 1712 394 1762 et
411 1710 577 1763 mercenaria
594 1709 688 1777 vinclo,

63 1783 150 1848 Quod
168 1799 222 1836 non
240 1799 320 1837 mane
337 1783 448 1838 domum
465 1785 594 1851 venisset,
613 1785 732 1854 denique
751 1785 826 1854 quod
844 1799 898 1840 non

68 1857 243 1912 Providisset
261 1875 330 1914 eum.
365 1859 432 1914 “Sic
448 1859 581 1928 ignovisse
598 1863 695 1928 putato

64 1935 115 1987 Me
126 1932 181 1988 tibi
192 1933 216 1988 si
228 1950 325 1988 coenas
336 1934 418 1989 hodie
429 1936 557 1990 mecum.’'
588 1935 653 1990 “Ut
664 1935 754 1990 libetl’
783 1936 879 2004 “Ergo
897 1951 920 1990 ro

64 2009 135 2064 Post
153 2025 252 2064 nonam
270 2011 378 2077 venies3
395 2027 466 2066 nunc
482 2010 500 2079 i,
518 2027 577 2065 rem
596 2015 721 2066 strenuus
739 2012 831 2078 auge.”

64 2085 108 2139 Ut
125 2090 240 2140 ventum
257 2087 294 2140 ad
312 2103 424 2140 coenam
442 2091 492 2152 est,
511 2087 629 2141 dicenda
645 2085 761 2140 terenda
779 2086 880 2142 locutus

65 2160 191 2214 Tandem
208 2161 356 2215 dormitum
374 2161 530 2218 dimittitur.
565 2163 619 2216 Hic
635 2161 683 2215 ubi
701 2177 782 2232 saepe

66 2235 214 2289 Occultum
231 2237 305 2290 visus
323 2237 470 2292 decurrere
488 2237 570 2307 piscis
588 2237 624 2291 ad
641 2237 752 2292 hamum

66 2310 152 2364 Mane
169 2309 255 2366 cliens
272 2311 374 2380 etjam
391 2316 483 2366 certus
500 2313 620 2381 conviva,
632 2313 747 2381 jubetur
896 2328 920 2370 7⁵

67 2386 146 2440 Rmu
163 2387 319 2442 suburbana
337 2387 448 2443 indictis
466 2405 556 2442 comes
573 2389 614 2443 ire
632 2389 743 2448 Latinis.

68 2462 219 2530 impositus
237 2463 342 2517 mannis
359 2479 454 2517 ervum
471 2464 630 2534 caelumque
648 2465 777 2520 Sabinum

66 2536 132 2590 Non
151 2542 239 2592 cesset
256 2537 376 2594 laudere.
412 2537 498 2592 Videt
515 2539 644 2609 ridetque
662 2539 809 2608 Philippus,

67 2612 106 2667 Et
124 2611 177 2666 sibi
195 2613 261 2666 dum
278 2615 408 2683 requiem,
428 2613 493 2686 dum
511 2615 581 2668 risus
598 2614 719 2682 undique
736 2612 852 2682 quaerit,
869 2671 874 2686 Ι

68 2685 142 2742 Dum
160 2693 267 2756 septem
285 2689 369 2746 donst
387 2691 521 2758 sestertio,
539 2694 634 2744 mutus
651 2693 756 2758 septem
894 2701 919 2741 eo

68 2761 217 2832 Promittit,
234 2765 383 2832 persuadet
400 2766 442 2819 uti
459 2769 596 2820 mercetur
613 2763 736 2832 agellum.

69 2833 214 2894 Mereatur.
250 2839 276 2892 N
278 2858 293 2893 e
310 2844 340 2894 te
358 2841 445 2909 longIs
462 2841 621 2908 ambagibus
638 2839 711 2891 ultro

69 2912 156 2976 Quom
173 2913 241 2968 setis
259 2919 302 2969 est
319 2933 417 2982 morer,
434 2932 469 2970 ex
486 2915 573 2968 nitido
591 2914 624 2968 fir
641 2913 758 2967 rusticus
776 2915 857 2983 atque

70 2987 161 3043 Suleos
180 2994 210 3044 et
227 2990 319 3044 vineta
337 2995 431 3058 crepat
448 3006 539 3054 mere5
556 2992 701 3058 praeparat
718 2989 813 3057 ulmos,

71 3062 228 3120 Immoritur
246 3065 345 3120 studiis
363 3071 392 3120 et
410 3081 502 3120 umore
518 3065 636 3119 senescit
652 3063 779 3120 habendi.
893 3079 916 3118 sc
