2008 3416
312 76 528 128 SATIRARUM
546 79 569 128 1.
590 79 627 128 10.
853 83 898 128 129

10 159 12 210 i
53 158 157 228 Hagnas
174 159 347 214 Graecorum
365 158 443 212 malis
461 159 576 228 implere
594 159 737 215 catervas?
876 173 900 216 ss

54 235 179 302 lingidus
200 233 321 302 Alpinus
334 232 445 301 jugulat
463 234 528 288 dum
547 235 700 300 Memnona,
719 234 840 305 dumque

10 373 11 380 ἵ
53 310 166 378 befingit
184 309 278 362 Rheni
296 309 402 362 luteum
420 314 508 378 eaput,
527 309 594 363 haee
612 327 662 378 ego
679 310 751 377 ludo,

10 389 12 422 l
54 385 118 448 Quae
135 401 230 454 neque
247 385 276 437 iu
294 384 365 441 aede
382 390 480 440 sonent
497 386 630 440 certantia
643 386 737 453 judice
756 386 851 453 Tarpa,

10 425 12 530 i
51 461 102 514 b'eo
118 461 239 514 redeant
257 461 359 521 iterum
374 464 460 529 atque
476 462 578 515 iterum
595 461 743 530 spectanda
759 461 882 516 theatris.
900 527 903 532 Ι

51 538 152 604 Arguta
169 535 317 588 meretrice
334 538 414 602 potes
432 536 563 606 Davoque
582 536 730 592 Chremeta
874 550 899 590 so

51 611 181 666 Eludante
200 627 297 664 senem
314 611 399 664 comis
415 613 519 680 garrire
537 611 643 666 libellos

50 687 121 741 Unus
138 688 273 752 vivorum,
293 686 434 752 Fundani3
453 687 538 740 Pollio
556 703 652 755 regum

50 761 128 816 Facta
146 762 225 815 canit
242 761 314 829 pede
332 765 376 814 ter
392 779 534 830 pereuss03
551 763 623 816 forte
641 779 705 832 epos
721 778 784 818 acer

50 837 83 892 Ut
98 855 183 892 nemo
202 837 306 890 Varius
324 837 401 891 duoit
410 858 417 903 ;
434 839 514 891 molle
531 843 614 906 atque
631 839 749 894 facetum

49 912 162 981 Virgilio
181 915 338 966 annuerunt
355 913 506 980 gaudentes
523 930 587 968 rure
605 913 747 968 Camenae.
877 931 900 970 rc

49 988 103 1041 Hoc
121 991 193 1054 erat,
214 990 329 1056 experto
347 987 450 1042 frustra
468 988 591 1042 Varrone
610 990 726 1042 Atacino

48 1065 140 1132 Atque
159 1062 327 1131 quibusdam
345 1063 412 1130 aliis,
430 1064 525 1117 melius
544 1064 617 1132 quod
634 1065 753 1118 seribere
769 1079 885 1132 possem,

48 1138 197 1192 inventore
215 1137 317 1202 minor3
335 1153 424 1206 neque
442 1154 492 1205 ego
509 1137 548 1190 illi
566 1137 712 1192 detrahere
730 1138 817 1192 ausim

48 1213 220 1267 Haerentem
238 1213 322 1282 capiti
339 1229 401 1266 oum
417 1214 504 1267 multa
521 1213 602 1266 laude
620 1230 752 1267 coronam.

47 1288 83 1342 At
100 1289 162 1342 dixi
180 1288 267 1342 fluere
285 1288 357 1342 hune
374 1289 546 1356 lutulentum,
565 1305 645 1357 saepe
662 1290 795 1344 ferentem
874 1304 898 1346 so

47 1362 127 1418 Plura
146 1363 260 1432 quidem
277 1363 398 1417 tollenda
416 1364 610 1432 relinquendis,
644 1365 715 1432 Age,
733 1381 840 1433 quaeso,

46 1438 83 1491 Tu
101 1439 172 1492 nibil
191 1439 219 1491 in
237 1455 335 1506 magno
352 1438 448 1493 doetus
465 1438 644 1506 reprehendis
663 1440 803 1494 Homeroi

47 1511 90 1566 Nil
109 1513 197 1567 comis
213 1514 311 1580 tragici
328 1517 417 1568 mutet
435 1514 554 1567 Lucilius
573 1515 659 1568 Accii
690 1575 694 1584 ι

47 1589 107 1642 Non
125 1589 203 1642 ridet
220 1605 316 1642 versus
335 1589 405 1641 Enni
421 1589 556 1656 grauitate
573 1589 702 1656 minores,

47 1663 115 1716 Cum
135 1664 171 1716 de
191 1679 220 1716 se
238 1663 359 1732 loquitur
376 1680 429 1716 non
447 1667 479 1716 ut
495 1664 599 1732 majore
617 1663 771 1733 reprensisl
879 1685 901 1723 55

48 1738 119 1802 Quid
138 1741 217 1792 vetet
234 1741 263 1792 et
280 1742 387 1796 nosmet
405 1739 493 1792 Lucili
510 1739 612 1808 scripta
628 1740 750 1807 legentes

48 1813 195 1878 Quaerere,
213 1829 279 1866 num
297 1813 376 1880 illius,
394 1830 459 1866 num
477 1829 569 1866 rerum
588 1813 657 1866 dura
673 1813 780 1880 negarit

48 1887 205 1942 Versiculos
222 1892 321 1942 natura
337 1889 422 1956 magis
440 1889 526 1942 factos
544 1892 572 1942 et
590 1891 687 1941 euntes

48 1962 158 2016 Mollius
176 1980 208 2016 ao
226 1965 249 2016 si
267 1965 328 2032 quis
345 1963 461 2032 pedibus
480 1963 547 2032 quid
565 1963 691 2016 claudere
710 1962 788 2029 sonis,

48 2036 107 2090 Hoc
126 2041 237 2091 tantum
254 2042 405 2107 contentus,
424 2042 498 2092 amet
516 2039 655 2108 scripsisse
674 2037 805 2092 ducentos
876 2052 898 2090 oo

48 2113 126 2166 Ante
141 2113 233 2166 cibum
250 2131 352 2181 versus,
370 2113 489 2168 totidem
507 2117 652 2178 coenatus3
670 2111 777 2166 Etrusci

48 2187 133 2250 Quale
150 2188 205 2242 fuit
224 2188 299 2242 Cassi
317 2189 414 2256 rapido
432 2189 581 2243 ferventius
599 2186 671 2241 amni

48 2261 200 2329 Ingenium,
219 2263 306 2331 capsis
325 2280 406 2332 quem
423 2263 497 2316 soma
515 2267 558 2316 est
576 2279 636 2317 esse
652 2261 783 2332 librisque

48 2337 216 2390 Ambustum
233 2339 369 2407 propriis?
406 2339 502 2392 Fuerit
520 2338 646 2406 Lucilius,
665 2338 784 2408 inquam,

48 2411 137 2464 Oouris
156 2415 185 2465 et
203 2413 329 2480 urbanus,
347 2413 432 2466 fuerit
449 2413 568 2467 limatior
584 2413 659 2467 idem
877 2425 899 2465 es

48 2486 134 2550 Quam
151 2488 229 2541 rudis
247 2491 276 2542 et
295 2488 405 2542 Graecis
422 2488 519 2542 intacti
537 2489 663 2542 carminis
681 2492 782 2556 auctor,

47 2561 189 2631 Quamque
207 2567 350 2632 poetarum
369 2563 506 2617 seniorum
525 2563 622 2629 tu1·ba';
640 2564 689 2618 sed
706 2563 760 2630 ille,

47 2635 74 2690 Si
91 2638 165 2691 foret
181 2637 232 2692 boc
250 2641 372 2692 nostrum
390 2638 447 2691 fato
466 2637 566 2692 dilatus
583 2639 612 2691 in
629 2655 732 2704 aevum,
780 2659 784 2671 ·

46 2711 194 2767 Deteraret
213 2713 264 2766 sibi
282 2715 375 2781 multa,
394 2713 529 2768 recideret
547 2728 625 2766 omne
644 2713 718 2779 quod
734 2709 807 2763 ultra
861 2755 864 2763 .
898 2738 901 2744 ·

46 2785 203 2844 Perfectum
220 2789 386 2856 traheretur,
406 2792 434 2843 et
451 2789 479 2841 in
497 2805 578 2842 versu
595 2785 718 2840 faciendo
877 2800 899 2839 ro

46 2859 133 2932 Saepex
149 2868 231 2932 caput
250 2864 374 2918 scaberet
393 2864 467 2916 vivos
485 2867 514 2916 et
532 2861 642 2916 roderet
660 2875 771 2927 ungues.

47 2937 129 3006 Saepe
150 2939 245 2992 stilum
263 2943 354 2992 vertas
372 2939 472 2992 iterum
491 2953 561 3006 quoe
579 2936 662 3005 digna
678 2935 731 3003 legi
750 2934 806 2990 sint

44 3012 208 3083 dempturus,
225 3031 315 3083 neque
332 3018 363 3067 te
381 3017 413 3066 ut
430 3013 546 3066 miretur
564 3013 646 3066 turba
663 3011 779 3079 labores,

44 3087 197 3143 Contentus
214 3089 308 3158 paucis
325 3087 480 3142 lectoribus.
517 3086 563 3139 An
581 3089 630 3140 tua
648 3087 761 3165 demens
