2008 3416
116 105 162 154 118
399 101 553 151 HCRATII
569 101 699 152 FLACCI

115 181 280 236 Graecorum
297 181 378 249 louge
396 181 468 236 doet'
448 183 585 246 t1ssimus3
602 182 668 236 inde
687 183 788 238 Forum
808 183 890 256 Appi,

115 255 261 311 Differtum
278 261 345 310 naut
346 258 369 310 is
386 257 551 326 cauponibus
568 261 652 326 atque
670 259 803 326 malignis.

116 333 177 387 Hoc
193 333 274 387 iter
266 333 356 401 ignavi
374 333 522 398 divisimus,
540 333 621 387 altius
638 350 669 387 ac
686 350 736 388 nos
961 351 978 394 s

116 407 266 463 Praecinct
247 412 283 463 trs
299 425 401 474 unum3
418 409 508 462 minus
526 414 568 464 est
585 409 676 477 gravis
695 409 787 479 Appia
803 411 899 466 tardis.

116 483 171 537 Hic
188 501 239 553 ego
256 488 369 553 propter
387 501 493 553 aquam,
512 484 664 553 quoderat
682 485 838 554 deterrima,
857 487 950 542 ventri

116 559 212 614 Indico
229 559 339 628 bellum,
358 564 502 614 coenantes
519 560 593 614 haud
611 560 700 614 animo
717 577 805 629 aequo

116 633 286 703 Exspectans
303 637 423 690 comites.
458 637 477 690 J
479 653 523 689 am
540 653 595 690 nox
612 636 741 690 inducere
758 637 842 691 terris

116 709 234 764 Umbras
251 715 281 765 et
297 711 372 765 eaelo
390 711 544 765 diffundere
562 712 638 780 signa
655 711 771 780 parabat
780 733 787 779 ς
945 729 970 768 m

115 785 183 838 'lum
200 786 279 854 pueri
297 787 393 854 nautis,
411 788 504 854 pueris
522 788 642 842 convicia
659 791 758 842 nautae
808 829 815 840 ι

117 860 253 929 lugerere.
288 861 352 915 Huc
369 862 491 930 appelle!
529 861 677 916 Trecentos
695 861 807 916 inseris:
824 861 876 916 ohe

114 935 179 989 Jam
197 937 263 990 satis
281 941 340 992 est!
377 937 450 990 Dum
468 954 515 991 aes
532 938 659 1006 exigitur,
678 937 744 990 dum
762 937 835 990 mula
852 938 964 1007 ligatur,

115 1010 184 1066 Tota
200 1011 259 1066 abit
276 1012 349 1066 hora.
384 1012 451 1066 Mali
469 1013 567 1068 culices
584 1029 719 1082 ranaeque
736 1013 871 1080 palustres

114 1087 254 1142 Avertunt
271 1105 384 1156 somnos,
401 1088 542 1143 absentem
558 1091 591 1143 ut
606 1092 700 1143 cantat
716 1090 830 1144 amicam
926 1107 966 1156 ,ιι

114 1162 204 1218 Multa
220 1163 343 1233 prolutus
359 1181 447 1234 vappa
464 1168 548 1218 nauta
565 1168 648 1234 atque
666 1164 755 1218 viator

115 1238 254 1294 Certatim.
290 1240 410 1294 Tandem
427 1241 515 1294 fessus
532 1239 651 1294 dormire
668 1241 757 1294 ιιιιοι

115 1314 222 1383 Incipit,
241 1333 271 1370 ac
289 1316 386 1370 missae
403 1319 512 1385 pastum
529 1316 677 1370 retinacula
693 1317 784 1372 mulae

114 1389 206 1446 Nauta
222 1393 301 1460 piger
318 1410 382 1446 saxo
399 1393 498 1460 religat
515 1393 663 1462 stertitque
681 1393 799 1462 supinus.

114 1465 233 1536 Jamque
250 1468 309 1521 dies
326 1468 429 1534 aderat,
448 1468 485 1521 nil
503 1485 564 1522 cum
584 1467 734 1536 procedere
751 1469 860 1524 lintrem
938 1490 962 1528 ae

113 1541 259 1612 Sentimus,
277 1544 363 1598 donce
380 1544 538 1598 cerebrosus
555 1545 662 1613 prosilit
678 1561 749 1598 unus

114 1619 157 1672 Ac
174 1619 263 1674 mulae
280 1624 434 1689 nautaeque
452 1623 534 1689 caput
551 1619 713 1688 lumbosque
731 1619 834 1689 saligno

113 1692 200 1749 Fuste
217 1695 307 1749 dolat:
326 1700 424 1764 quarta
440 1696 487 1750 vix
505 1697 615 1749 demum
633 1695 792 1764 exponimur
808 1696 880 1752 hora

114 1769 170 1822 Cra
186 1786 335 1838 manusque
353 1774 402 1824 tua
418 1771 541 1838 lavimus,
560 1771 683 1838 Feronia,
701 1771 817 1840 lympha

113 1844 201 1899 Millia
216 1848 276 1898 tum
292 1846 384 1913 pransi
401 1847 455 1900 tria
471 1847 591 1914 repimus
608 1849 691 1916 atque
709 1847 831 1902 subimus
937 1863 962 1906 ιι
995 1881 996 1893 2

113 1919 275 1989 Impositum
294 1922 366 1975 saxis
383 1922 439 1976 late
458 1922 638 1977 candentibus
656 1923 761 1976 Anxur.

113 1995 176 2052 Huc
193 2001 323 2052 venimus
341 2003 400 2052 erat
418 1998 562 2052 Maecenas
579 1999 698 2067 optimus
716 2002 800 2068 atque

113 2073 246 2142 Cocceius,
264 2074 339 2128 missi
356 2075 461 2142 magnis
479 2075 515 2128 de
531 2074 615 2128 rebus
632 2077 749 2143 uterque

112 2146 217 2217 Legati,
235 2167 343 2204 aversos
361 2151 434 2204 soliti
451 2166 612 2219 componere
629 2150 737 2204 amicos.

112 2223 167 2278 Hic
184 2226 267 2278 oculis
285 2243 336 2293 ego
352 2227 432 2294 nigra
448 2227 518 2280 meis
535 2226 645 2295 collyria
661 2225 752 2296 lippus
892 2269 894 2274 .
932 2239 957 2278 so
993 2247 994 2294 p

112 2299 230 2354 Illinere.
266 2301 377 2355 Interea
395 2302 539 2356 Maecenas
556 2301 669 2356 advenit
685 2306 769 2370 atquo
921 2299 924 2304 ’
993 2297 994 2313 ’

111 2375 240 2430 Cocceius
258 2376 408 2444 Capitoque
425 2377 505 2431 simul
523 2377 661 2441 Fonteius,
678 2378 716 2431 ad
731 2393 850 2446 unguem

111 2451 211 2507 Factus
228 2451 316 2519 homo,
336 2453 440 2506 Antoni
457 2469 511 2508 non
529 2457 562 2507 ut
578 2453 666 2521 magis
683 2453 753 2508 alter
769 2454 878 2510 amicus
992 2455 993 2523 ι

111 2528 222 2584 Ilrmdos
241 2527 352 2582 Aufidio
370 2528 457 2583 Lusco
474 2532 600 2598 praetore
617 2529 736 2584 libenter

110 2604 303 2675 Ιιιιιιιιιιιιιιιι,Ι
295 2605 382 2658 insani
399 2605 491 2660 rident
479 2610 521 2660 tes
537 2605 658 2673 praemia
675 2605 788 2674 scribae,
935 2622 992 2674 ss

110 2681 285 2736 Praetextam
303 2684 332 2735 et
349 2680 435 2735 latum
452 2681 557 2735 clavum
574 2697 733 2750 prunaeque
751 2682 799 2736 bat
788 2682 881 2740 tillum.
991 2679 992 2731 ι

110 2756 144 2809 In
161 2757 362 2814 Mamurrarum
379 2757 442 2811 lassi
461 2757 561 2812 deinde
578 2757 647 2812 urbe
664 2773 812 2827 manemus,

108 2831 225 2886 Murena
241 2832 392 2902 praebente
363 2833 528 2902 tdomum,
546 2832 679 2963 Capitone
696 2834 819 2888 culinam.

109 2907 223 2960 Postera
239 2908 287 2960 lux
305 2909 393 2962 oritur
410 2910 496 2964 multo
512 2913 574 2978 grat
574 2910 684 2975 issima;
701 2926 820 2980 namque

109 2980 214 3032 Plotius
231 2985 260 3034 e
248 2981 378 3036 tVarius
396 2984 539 3038 Sinuessae
557 2951 745 3054 Virgiliubque

109 3053 268 3119 Ccoummt,
287 3055 392 3109 animae
410 3059 503 3143 quales
520 3075 610 3127 neque
627 3061 799 3114 candidiores

109 3125 193 3179 Terra
209 3127 275 3180 tulit
291 3143 380 3195 neque
398 3132 459 3197 quis
476 3148 520 3185 me
539 3134 575 3188 sit
592 3135 710 3190 devinct
690 3138 743 3189 tror
760 3136 838 3193 alter.
