<?xml version="1.0" encoding="UTF-8"?>
<!DOCTYPE html PUBLIC "-//W3C//DTD XHTML 1.0 Transitional//EN"
    "http://www.w3.org/TR/xhtml1/DTD/xhtml1-transitional.dtd">
<html xmlns="http://www.w3.org/1999/xhtml" xml:lang="en" lang="en">
 <head>
  <title>
</title>
<meta http-equiv="Content-Type" content="text/html;charset=utf-8" />
  <meta name='ocr-system' content='tesseract 3.04.00' />
  <meta name='ocr-capabilities' content='ocr_page ocr_carea ocr_par ocr_line ocrx_word'/>
</head>
<body>
  <div class='ocr_page' id='page_1' title='image "./quintihoratiifl01maclgoog_0050.png"; bbox 0 0 2036 3416; ppageno 0'>
   <div class='ocr_carea' id='block_1_1' title="bbox 143 108 936 483">
    <p class='ocr_par' dir='ltr' id='par_1_1' title="bbox 143 108 936 483">
     <span class='ocr_line' id='line_1_1' title="bbox 307 108 936 167; baseline -0.003 -9"><span class='ocrx_word' id='word_1_1' title='bbox 307 108 514 159; x_wconf 73' lang='lat' dir='ltr'><strong>CARMINUM</strong></span> <span class='ocrx_word' id='word_1_2' title='bbox 530 109 569 160; x_wconf 90' lang='grc' dir='ltr'><strong>Π.</strong></span> <span class='ocrx_word' id='word_1_3' title='bbox 589 111 627 161; x_wconf 88' lang='grc'><strong>16.</strong></span> <span class='ocrx_word' id='word_1_4' title='bbox 858 117 888 167; x_wconf 68' lang='lat' dir='ltr'><strong>sn</strong></span> <span class='ocrx_word' id='word_1_5' title='bbox 930 133 936 144; x_wconf 80' lang='lat'><em>=</em></span> 
     </span>
     <span class='ocr_line' id='line_1_2' title="bbox 143 190 677 258; baseline -0.002 -11"><span class='ocrx_word' id='word_1_6' title='bbox 143 190 203 247; x_wconf 81' lang='lat' dir='ltr'><strong>Neo</strong></span> <span class='ocrx_word' id='word_1_7' title='bbox 218 190 363 244; x_wconf 80' lang='lat' dir='ltr'><strong>fortuitum</strong></span> <span class='ocrx_word' id='word_1_8' title='bbox 380 205 512 258; x_wconf 82' lang='lat' dir='ltr'><strong>spernere</strong></span> <span class='ocrx_word' id='word_1_9' title='bbox 528 190 677 258; x_wconf 77' lang='lat' dir='ltr'>caespitem</span> 
     </span>
     <span class='ocr_line' id='line_1_3' title="bbox 145 264 631 334; baseline -0.006 -13"><span class='ocrx_word' id='word_1_10' title='bbox 145 265 233 334; x_wconf 79' lang='lat' dir='ltr'><strong>Leges</strong></span> <span class='ocrx_word' id='word_1_11' title='bbox 250 265 386 331; x_wconf 77' lang='lat' dir='ltr'><strong>sinebant,</strong></span> <span class='ocrx_word' id='word_1_12' title='bbox 404 264 505 333; x_wconf 79' lang='lat' dir='ltr'><strong>oppido</strong></span> <span class='ocrx_word' id='word_1_13' title='bbox 521 264 631 332; x_wconf 80' lang='lat' dir='ltr'><strong>publico</strong></span> 
     </span>
     <span class='ocr_line' id='line_1_4' title="bbox 178 339 620 408; baseline -0.009 -12"><span class='ocrx_word' id='word_1_14' title='bbox 178 340 295 408; x_wconf 76' lang='lat' dir='ltr'><strong>Sumpta</strong></span> <span class='ocrx_word' id='word_1_15' title='bbox 309 339 442 408; x_wconf 87' lang='lat' dir='ltr'><strong>jubentes</strong></span> <span class='ocrx_word' id='word_1_16' title='bbox 459 342 489 392; x_wconf 86' lang='lat' dir='ltr'><strong>et</strong></span> <span class='ocrx_word' id='word_1_17' title='bbox 506 339 620 392; x_wconf 85' lang='lat' dir='ltr'><strong>deorum</strong></span> 
     </span>
     <span class='ocr_line' id='line_1_5' title="bbox 211 413 892 483; baseline 0.003 -15"><span class='ocrx_word' id='word_1_18' title='bbox 211 414 325 483; x_wconf 72' lang='lat' dir='ltr'><strong>Templa</strong></span> <span class='ocrx_word' id='word_1_19' title='bbox 340 429 411 468; x_wconf 85' lang='lat' dir='ltr'><strong>noro</strong></span> <span class='ocrx_word' id='word_1_20' title='bbox 429 413 559 468; x_wconf 80' lang='lat' dir='ltr'><strong>deoorure</strong></span> <span class='ocrx_word' id='word_1_21' title='bbox 576 427 651 470; x_wconf 72' lang='lat' dir='ltr'><strong>saxo.</strong></span> <span class='ocrx_word' id='word_1_22' title='bbox 869 430 892 472; x_wconf 79' lang='lat' dir='ltr'><strong>ro</strong></span> 
     </span>
    </p>
   </div>
   <div class='ocr_carea' id='block_1_2' title="bbox 429 554 509 610">
    <p class='ocr_par' dir='ltr' id='par_1_2' title="bbox 429 554 509 610">
     <span class='ocr_line' id='line_1_6' title="bbox 429 554 509 610; baseline 0.013 -1"><span class='ocrx_word' id='word_1_23' title='bbox 429 554 509 610; x_wconf 89' lang='lat' dir='ltr'>XVI.</span> 
     </span>
    </p>
   </div>
   <div class='ocr_carea' id='block_1_3' title="bbox 95 637 814 3170">
    <p class='ocr_par' dir='ltr' id='par_1_3' title="bbox 146 637 610 706">
     <span class='ocr_line' id='line_1_7' title="bbox 146 637 610 706; baseline -0.004 -12"><span class='ocrx_word' id='word_1_24' title='bbox 146 637 242 694; x_wconf 80' lang='lat' dir='ltr'><strong>Ouum</strong></span> <span class='ocrx_word' id='word_1_25' title='bbox 260 637 336 692; x_wconf 79' lang='lat' dir='ltr'><strong>diros</strong></span> <span class='ocrx_word' id='word_1_26' title='bbox 353 639 433 706; x_wconf 80' lang='lat' dir='ltr'><strong>roget</strong></span> <span class='ocrx_word' id='word_1_27' title='bbox 449 637 478 690; x_wconf 92' lang='lat' dir='ltr'><strong>in</strong></span> <span class='ocrx_word' id='word_1_28' title='bbox 495 639 610 705; x_wconf 85' lang='lat' dir='ltr'><strong>petente</strong></span> 
     </span>
    </p>

    <p class='ocr_par' dir='ltr' id='par_1_4' title="bbox 148 709 688 780">
     <span class='ocr_line' id='line_1_8' title="bbox 148 709 688 780; baseline -0.004 -12"><span class='ocrx_word' id='word_1_29' title='bbox 148 713 269 768; x_wconf 83' lang='lat' dir='ltr'><strong>Prorsus</strong></span> <span class='ocrx_word' id='word_1_30' title='bbox 286 713 406 780; x_wconf 78' lang='lat' dir='ltr'><strong>Aegaeo,</strong></span> <span class='ocrx_word' id='word_1_31' title='bbox 425 710 504 765; x_wconf 88' lang='lat' dir='ltr'><strong>simul</strong></span> <span class='ocrx_word' id='word_1_32' title='bbox 521 714 585 770; x_wconf 69' lang='lat' dir='ltr'><strong>etus</strong></span> <span class='ocrx_word' id='word_1_33' title='bbox 599 709 688 766; x_wconf 81' lang='lat' dir='ltr'><strong>nubes</strong></span> 
     </span>
    </p>

    <p class='ocr_par' dir='ltr' id='par_1_5' title="bbox 147 785 712 927">
     <span class='ocr_line' id='line_1_9' title="bbox 147 785 712 856; baseline -0.002 -12"><span class='ocrx_word' id='word_1_34' title='bbox 147 787 278 844; x_wconf 76' lang='lat' dir='ltr'><strong>Condidit</strong></span> <span class='ocrx_word' id='word_1_35' title='bbox 293 787 387 840; x_wconf 80' lang='lat' dir='ltr'><strong>lunam</strong></span> <span class='ocrx_word' id='word_1_36' title='bbox 403 801 494 856; x_wconf 76' lang='lat' dir='ltr'><strong>neque</strong></span> <span class='ocrx_word' id='word_1_37' title='bbox 512 789 589 851; x_wconf 85' lang='lat' dir='ltr'><strong>oerte</strong></span> <span class='ocrx_word' id='word_1_38' title='bbox 604 785 712 855; x_wconf 70' lang='lat' dir='ltr'><strong>fulgent</strong></span> 
     </span>
     <span class='ocr_line' id='line_1_10' title="bbox 182 861 406 927; baseline 0 -11"><span class='ocrx_word' id='word_1_39' title='bbox 182 862 280 916; x_wconf 77' lang='lat' dir='ltr'><strong>Sidera</strong></span> <span class='ocrx_word' id='word_1_40' title='bbox 295 861 406 927; x_wconf 73' lang='lat' dir='ltr'><strong>nauus-3</strong></span> 
     </span>
    </p>

    <p class='ocr_par' dir='ltr' id='par_1_6' title="bbox 147 935 578 1002">
     <span class='ocr_line' id='line_1_11' title="bbox 147 935 578 1002; baseline 0 -12"><span class='ocrx_word' id='word_1_41' title='bbox 147 936 241 991; x_wconf 92' lang='lat' dir='ltr'><strong>Otium</strong></span> <span class='ocrx_word' id='word_1_42' title='bbox 257 936 330 990; x_wconf 86' lang='lat' dir='ltr'><strong>bello</strong></span> <span class='ocrx_word' id='word_1_43' title='bbox 346 936 449 990; x_wconf 76' lang='lat' dir='ltr'><strong>furiose</strong></span> <span class='ocrx_word' id='word_1_44' title='bbox 466 935 578 1002; x_wconf 77' lang='lat' dir='ltr'><strong>Thmoo,</strong></span> 
     </span>
    </p>

    <p class='ocr_par' dir='ltr' id='par_1_7' title="bbox 147 1008 602 1080">
     <span class='ocr_line' id='line_1_12' title="bbox 147 1008 602 1080; baseline -0.004 -14"><span class='ocrx_word' id='word_1_45' title='bbox 147 1011 241 1066; x_wconf 91' lang='lat' dir='ltr'><strong>Otium</strong></span> <span class='ocrx_word' id='word_1_46' title='bbox 259 1011 337 1065; x_wconf 85' lang='lat' dir='ltr'>Medi</span> <span class='ocrx_word' id='word_1_47' title='bbox 353 1011 485 1080; x_wconf 74' lang='lat' dir='ltr'><strong>pharetra</strong></span> <span class='ocrx_word' id='word_1_48' title='bbox 502 1008 602 1076; x_wconf 82' lang='lat' dir='ltr'><strong>decori,</strong></span> 
     </span>
    </p>

    <p class='ocr_par' dir='ltr' id='par_1_8' title="bbox 147 1085 790 1230">
     <span class='ocr_line' id='line_1_13' title="bbox 147 1085 790 1156; baseline 0 -15"><span class='ocrx_word' id='word_1_49' title='bbox 147 1086 278 1156; x_wconf 84' lang='lat' dir='ltr'><strong>Grospho,</strong></span> <span class='ocrx_word' id='word_1_50' title='bbox 295 1103 350 1140; x_wconf 90' lang='lat' dir='ltr'><strong>non</strong></span> <span class='ocrx_word' id='word_1_51' title='bbox 367 1085 481 1154; x_wconf 84' lang='lat' dir='ltr'><strong>gemmis</strong></span> <span class='ocrx_word' id='word_1_52' title='bbox 498 1100 590 1154; x_wconf 85' lang='lat' dir='ltr'><strong>neque</strong></span> <span class='ocrx_word' id='word_1_53' title='bbox 606 1099 729 1154; x_wconf 80' lang='lat' dir='ltr'><strong>purpura</strong></span> <span class='ocrx_word' id='word_1_54' title='bbox 744 1099 790 1141; x_wconf 78' lang='lat' dir='ltr'><strong>vo·</strong></span> 
     </span>
     <span class='ocr_line' id='line_1_14' title="bbox 180 1163 441 1230; baseline -0.008 -14"><span class='ocrx_word' id='word_1_55' title='bbox 180 1163 243 1216; x_wconf 81' lang='lat' dir='ltr'><strong>uuio</strong></span> <span class='ocrx_word' id='word_1_56' title='bbox 259 1177 350 1230; x_wconf 87' lang='lat' dir='ltr'><strong>neque</strong></span> <span class='ocrx_word' id='word_1_57' title='bbox 366 1176 441 1215; x_wconf 85' lang='lat' dir='ltr'><strong>euro.</strong></span> 
     </span>
    </p>

    <p class='ocr_par' dir='ltr' id='par_1_9' title="bbox 147 1233 671 1304">
     <span class='ocr_line' id='line_1_15' title="bbox 147 1233 671 1304; baseline -0.006 -13"><span class='ocrx_word' id='word_1_58' title='bbox 147 1235 174 1291; x_wconf 83' lang='lat' dir='ltr'>N</span> <span class='ocrx_word' id='word_1_59' title='bbox 175 1253 209 1290; x_wconf 90' lang='lat' dir='ltr'><strong>on</strong></span> <span class='ocrx_word' id='word_1_60' title='bbox 227 1237 300 1290; x_wconf 87' lang='lat' dir='ltr'><strong>enim</strong></span> <span class='ocrx_word' id='word_1_61' title='bbox 316 1252 399 1304; x_wconf 79' lang='lat' dir='ltr'><strong>gozae</strong></span> <span class='ocrx_word' id='word_1_62' title='bbox 416 1251 506 1304; x_wconf 74' lang='lat' dir='ltr'><strong>nsque</strong></span> <span class='ocrx_word' id='word_1_63' title='bbox 523 1233 671 1289; x_wconf 75' lang='lat' dir='ltr'><strong>consuleris</strong></span> 
     </span>
    </p>

    <p class='ocr_par' dir='ltr' id='par_1_10' title="bbox 148 1309 685 1366">
     <span class='ocr_line' id='line_1_16' title="bbox 148 1309 685 1366; baseline 0.002 -1"><span class='ocrx_word' id='word_1_64' title='bbox 148 1311 305 1366; x_wconf 84' lang='lat' dir='ltr'><strong>Summoret</strong></span> <span class='ocrx_word' id='word_1_65' title='bbox 321 1311 402 1365; x_wconf 87' lang='lat' dir='ltr'><strong>lictor</strong></span> <span class='ocrx_word' id='word_1_66' title='bbox 419 1311 533 1364; x_wconf 84' lang='lat' dir='ltr'><strong>miseros</strong></span> <span class='ocrx_word' id='word_1_67' title='bbox 550 1309 685 1366; x_wconf 86' lang='lat' dir='ltr'><strong>tumultus</strong></span> 
     </span>
    </p>

    <p class='ocr_par' dir='ltr' id='par_1_11' title="bbox 149 1383 659 1515">
     <span class='ocr_line' id='line_1_17' title="bbox 149 1383 659 1454; baseline -0.004 -14"><span class='ocrx_word' id='word_1_68' title='bbox 149 1385 251 1440; x_wconf 85' lang='lat' dir='ltr'><strong>Mentis</strong></span> <span class='ocrx_word' id='word_1_69' title='bbox 268 1389 299 1440; x_wconf 89' lang='lat' dir='ltr'><strong>et</strong></span> <span class='ocrx_word' id='word_1_70' title='bbox 315 1401 394 1439; x_wconf 84' lang='lat' dir='ltr'><strong>eures</strong></span> <span class='ocrx_word' id='word_1_71' title='bbox 411 1384 540 1454; x_wconf 76' lang='lat' dir='ltr'><strong>laqueata</strong></span> <span class='ocrx_word' id='word_1_72' title='bbox 556 1383 659 1439; x_wconf 89' lang='lat' dir='ltr'><strong>oiroum</strong></span> 
     </span>
     <span class='ocr_line' id='line_1_18' title="bbox 181 1460 413 1515; baseline 0 -1"><span class='ocrx_word' id='word_1_73' title='bbox 181 1461 266 1514; x_wconf 78' lang='lat' dir='ltr'><strong>Teste</strong></span> <span class='ocrx_word' id='word_1_74' title='bbox 282 1460 413 1515; x_wconf 79' lang='lat' dir='ltr'><strong>volantes.</strong></span> 
     </span>
    </p>

    <p class='ocr_par' dir='ltr' id='par_1_12' title="bbox 147 1533 672 1604">
     <span class='ocr_line' id='line_1_19' title="bbox 147 1533 672 1604; baseline 0.002 -15"><span class='ocrx_word' id='word_1_75' title='bbox 147 1534 258 1590; x_wconf 80' lang='lat' dir='ltr'><strong>Vivitur</strong></span> <span class='ocrx_word' id='word_1_76' title='bbox 273 1551 358 1604; x_wconf 76' lang='lat' dir='ltr'><strong>parvo</strong></span> <span class='ocrx_word' id='word_1_77' title='bbox 374 1535 447 1588; x_wconf 86' lang='lat' dir='ltr'><strong>bene</strong></span> <span class='ocrx_word' id='word_1_78' title='bbox 465 1533 509 1589; x_wconf 87' lang='lat' dir='ltr'><strong>oui</strong></span> <span class='ocrx_word' id='word_1_79' title='bbox 526 1537 672 1602; x_wconf 80' lang='lat' dir='ltr'><strong>paternum</strong></span> 
     </span>
    </p>

    <p class='ocr_par' dir='ltr' id='par_1_13' title="bbox 148 1609 673 1679">
     <span class='ocr_line' id='line_1_20' title="bbox 148 1609 673 1679; baseline -0.004 -15"><span class='ocrx_word' id='word_1_80' title='bbox 148 1609 282 1679; x_wconf 80' lang='lat' dir='ltr'>Splendet</span> <span class='ocrx_word' id='word_1_81' title='bbox 297 1609 327 1664; x_wconf 85' lang='lat' dir='ltr'><strong>in</strong></span> <span class='ocrx_word' id='word_1_82' title='bbox 344 1626 439 1664; x_wconf 80' lang='lat' dir='ltr'><strong>mensa</strong></span> <span class='ocrx_word' id='word_1_83' title='bbox 455 1609 533 1664; x_wconf 86' lang='lat' dir='ltr'><strong>tonui</strong></span> <span class='ocrx_word' id='word_1_84' title='bbox 550 1609 673 1675; x_wconf 81' lang='lat' dir='ltr'><strong>solinum,</strong></span> 
     </span>
    </p>

    <p class='ocr_par' dir='ltr' id='par_1_14' title="bbox 148 1684 707 1814">
     <span class='ocr_line' id='line_1_21' title="bbox 148 1684 707 1752; baseline 0.002 -13"><span class='ocrx_word' id='word_1_85' title='bbox 148 1685 175 1739; x_wconf 87' lang='lat' dir='ltr'>N</span> <span class='ocrx_word' id='word_1_86' title='bbox 176 1701 208 1739; x_wconf 88' lang='lat' dir='ltr'><strong>eo</strong></span> <span class='ocrx_word' id='word_1_87' title='bbox 224 1685 299 1739; x_wconf 83' lang='lat' dir='ltr'><strong>leves</strong></span> <span class='ocrx_word' id='word_1_88' title='bbox 317 1700 426 1738; x_wconf 87' lang='lat' dir='ltr'><strong>somnos</strong></span> <span class='ocrx_word' id='word_1_89' title='bbox 442 1685 526 1738; x_wconf 88' lang='lat' dir='ltr'><strong>timor</strong></span> <span class='ocrx_word' id='word_1_90' title='bbox 542 1687 591 1738; x_wconf 82' lang='lat' dir='ltr'><strong>eut</strong></span> <span class='ocrx_word' id='word_1_91' title='bbox 607 1684 707 1752; x_wconf 86' lang='lat' dir='ltr'><strong>eupido</strong></span> 
     </span>
     <span class='ocr_line' id='line_1_22' title="bbox 183 1759 433 1814; baseline 0 0"><span class='ocrx_word' id='word_1_92' title='bbox 183 1759 318 1814; x_wconf 80' lang='lat' dir='ltr'><strong>Sordidus</strong></span> <span class='ocrx_word' id='word_1_93' title='bbox 335 1760 433 1814; x_wconf 80' lang='lat' dir='ltr'><strong>aufert.</strong></span> 
     </span>
    </p>

    <p class='ocr_par' dir='ltr' id='par_1_15' title="bbox 150 1832 673 1902">
     <span class='ocr_line' id='line_1_23' title="bbox 150 1832 673 1902; baseline 0 -14"><span class='ocrx_word' id='word_1_94' title='bbox 150 1832 222 1898; x_wconf 78' lang='lat' dir='ltr'><strong>Quid</strong></span> <span class='ocrx_word' id='word_1_95' title='bbox 239 1833 317 1888; x_wconf 86' lang='lat' dir='ltr'><strong>brevi</strong></span> <span class='ocrx_word' id='word_1_96' title='bbox 333 1835 420 1888; x_wconf 79' lang='lat' dir='ltr'><strong>fortes</strong></span> <span class='ocrx_word' id='word_1_97' title='bbox 433 1833 590 1902; x_wconf 78' lang='lat' dir='ltr'><strong>jnoulsmur</strong></span> <span class='ocrx_word' id='word_1_98' title='bbox 605 1849 673 1890; x_wconf 80' lang='lat' dir='ltr'><strong>asro</strong></span> 
     </span>
    </p>

    <p class='ocr_par' dir='ltr' id='par_1_16' title="bbox 149 1907 679 1973">
     <span class='ocr_line' id='line_1_24' title="bbox 149 1907 679 1973; baseline 0 -11"><span class='ocrx_word' id='word_1_99' title='bbox 149 1907 255 1964; x_wconf 76' lang='lat' dir='ltr'><strong>Multai</strong></span> <span class='ocrx_word' id='word_1_100' title='bbox 290 1907 365 1973; x_wconf 82' lang='lat' dir='ltr'><strong>Quid</strong></span> <span class='ocrx_word' id='word_1_101' title='bbox 381 1913 470 1963; x_wconf 81' lang='lat' dir='ltr'><strong>terres</strong></span> <span class='ocrx_word' id='word_1_102' title='bbox 487 1908 541 1962; x_wconf 85' lang='lat' dir='ltr'><strong>aiio</strong></span> <span class='ocrx_word' id='word_1_103' title='bbox 558 1909 679 1962; x_wconf 72' lang='lat' dir='ltr'><strong>odientes</strong></span> 
     </span>
    </p>

    <p class='ocr_par' dir='ltr' id='par_1_17' title="bbox 149 1982 707 2052">
     <span class='ocr_line' id='line_1_25' title="bbox 149 1982 707 2052; baseline -0.004 -14"><span class='ocrx_word' id='word_1_104' title='bbox 149 1982 211 2038; x_wconf 89' lang='lat' dir='ltr'><strong>Sole</strong></span> <span class='ocrx_word' id='word_1_105' title='bbox 227 1985 385 2038; x_wconf 71' lang='lat' dir='ltr'><strong>mutemus?</strong></span> <span class='ocrx_word' id='word_1_106' title='bbox 422 1983 532 2038; x_wconf 75' lang='lat' dir='ltr'><strong>Patriae</strong></span> <span class='ocrx_word' id='word_1_107' title='bbox 550 1983 612 2052; x_wconf 86' lang='lat' dir='ltr'><strong>quis</strong></span> <span class='ocrx_word' id='word_1_108' title='bbox 629 1982 707 2037; x_wconf 87' lang='lat' dir='ltr'><strong>exsul</strong></span> 
     </span>
    </p>

    <p class='ocr_par' dir='ltr' id='par_1_18' title="bbox 95 2057 455 2128">
     <span class='ocr_line' id='line_1_26' title="bbox 95 2057 455 2128; baseline -0.003 -16"><span class='ocrx_word' id='word_1_109' title='bbox 95 2107 99 2118; x_wconf 90' lang='grc'><strong>,</strong></span> <span class='ocrx_word' id='word_1_110' title='bbox 183 2059 219 2112; x_wconf 90' lang='lat' dir='ltr'><strong>Se</strong></span> <span class='ocrx_word' id='word_1_111' title='bbox 236 2074 346 2128; x_wconf 85' lang='lat' dir='ltr'><strong>quoque</strong></span> <span class='ocrx_word' id='word_1_112' title='bbox 363 2057 455 2125; x_wconf 77' lang='lat' dir='ltr'><strong>fugiit</strong></span> 
     </span>
    </p>

    <p class='ocr_par' dir='ltr' id='par_1_19' title="bbox 150 2131 605 2188">
     <span class='ocr_line' id='line_1_27' title="bbox 150 2131 605 2188; baseline 0 -2"><span class='ocrx_word' id='word_1_113' title='bbox 150 2133 264 2186; x_wconf 82' lang='lat' dir='ltr'><strong>Soandit</strong></span> <span class='ocrx_word' id='word_1_114' title='bbox 281 2135 390 2188; x_wconf 78' lang='lat' dir='ltr'><strong>aeratos</strong></span> <span class='ocrx_word' id='word_1_115' title='bbox 407 2131 505 2186; x_wconf 74' lang='lat' dir='ltr'><strong>vitiose</strong></span> <span class='ocrx_word' id='word_1_116' title='bbox 520 2147 605 2187; x_wconf 81' lang='lat' dir='ltr'><strong>noves</strong></span> 
     </span>
    </p>

    <p class='ocr_par' dir='ltr' id='par_1_20' title="bbox 150 2205 708 2276">
     <span class='ocr_line' id='line_1_28' title="bbox 150 2205 708 2276; baseline -0.002 -15"><span class='ocrx_word' id='word_1_117' title='bbox 150 2207 222 2261; x_wconf 80' lang='lat' dir='ltr'><strong>Cure</strong></span> <span class='ocrx_word' id='word_1_118' title='bbox 237 2223 290 2262; x_wconf 86' lang='lat' dir='ltr'><strong>neo</strong></span> <span class='ocrx_word' id='word_1_119' title='bbox 305 2211 412 2262; x_wconf 81' lang='lat' dir='ltr'><strong>turmas</strong></span> <span class='ocrx_word' id='word_1_120' title='bbox 429 2207 553 2276; x_wconf 83' lang='lat' dir='ltr'><strong>equitum</strong></span> <span class='ocrx_word' id='word_1_121' title='bbox 570 2205 708 2274; x_wconf 85' lang='lat' dir='ltr'><strong>relinquit,</strong></span> 
     </span>
    </p>

    <p class='ocr_par' dir='ltr' id='par_1_21' title="bbox 150 2277 623 2410">
     <span class='ocr_line' id='line_1_29' title="bbox 150 2277 623 2350; baseline -0.002 -16"><span class='ocrx_word' id='word_1_122' title='bbox 150 2279 230 2335; x_wconf 86' lang='lat' dir='ltr'><strong>Ooior</strong></span> <span class='ocrx_word' id='word_1_123' title='bbox 247 2283 334 2337; x_wconf 84' lang='lat' dir='ltr'><strong>eorvis</strong></span> <span class='ocrx_word' id='word_1_124' title='bbox 352 2277 383 2336; x_wconf 76' lang='lat' dir='ltr'><strong>et</strong></span> <span class='ocrx_word' id='word_1_125' title='bbox 399 2285 499 2350; x_wconf 80' lang='lat' dir='ltr'><strong>egente</strong></span> <span class='ocrx_word' id='word_1_126' title='bbox 516 2279 623 2336; x_wconf 77' lang='lat' dir='ltr'><strong>nimbos</strong></span> 
     </span>
     <span class='ocr_line' id='line_1_30' title="bbox 183 2355 364 2410; baseline 0 0"><span class='ocrx_word' id='word_1_127' title='bbox 183 2355 265 2410; x_wconf 82' lang='lat' dir='ltr'><strong>Ocior</strong></span> <span class='ocrx_word' id='word_1_128' title='bbox 282 2357 364 2410; x_wconf 80' lang='lat' dir='ltr'><strong>liuro.</strong></span> 
     </span>
    </p>

    <p class='ocr_par' dir='ltr' id='par_1_22' title="bbox 149 2429 814 2498">
     <span class='ocr_line' id='line_1_31' title="bbox 149 2429 814 2498; baseline 0 -14"><span class='ocrx_word' id='word_1_129' title='bbox 149 2429 252 2485; x_wconf 75' lang='lat' dir='ltr'><strong>Leetrm</strong></span> <span class='ocrx_word' id='word_1_130' title='bbox 268 2431 297 2484; x_wconf 88' lang='lat' dir='ltr'><strong>in</strong></span> <span class='ocrx_word' id='word_1_131' title='bbox 314 2446 445 2498; x_wconf 76' lang='lat' dir='ltr'><strong>praesens</strong></span> <span class='ocrx_word' id='word_1_132' title='bbox 466 2431 572 2484; x_wconf 80' lang='lat' dir='ltr'><strong>enimus</strong></span> <span class='ocrx_word' id='word_1_133' title='bbox 589 2430 664 2498; x_wconf 88' lang='lat' dir='ltr'><strong>quod</strong></span> <span class='ocrx_word' id='word_1_134' title='bbox 679 2429 754 2486; x_wconf 78' lang='lat' dir='ltr'><strong>ultra</strong></span> <span class='ocrx_word' id='word_1_135' title='bbox 770 2431 814 2484; x_wconf 87' lang='lat' dir='ltr'><strong>est</strong></span> 
     </span>
    </p>

    <p class='ocr_par' dir='ltr' id='par_1_23' title="bbox 150 2504 666 2560">
     <span class='ocr_line' id='line_1_32' title="bbox 150 2504 666 2560; baseline 0 -2"><span class='ocrx_word' id='word_1_136' title='bbox 150 2504 249 2559; x_wconf 86' lang='lat' dir='ltr'><strong>Oderit</strong></span> <span class='ocrx_word' id='word_1_137' title='bbox 265 2521 363 2560; x_wconf 80' lang='lat' dir='ltr'><strong>curare</strong></span> <span class='ocrx_word' id='word_1_138' title='bbox 379 2508 409 2560; x_wconf 82' lang='lat' dir='ltr'><strong>et</strong></span> <span class='ocrx_word' id='word_1_139' title='bbox 427 2521 520 2558; x_wconf 79' lang='lat' dir='ltr'><strong>emera</strong></span> <span class='ocrx_word' id='word_1_140' title='bbox 536 2504 612 2558; x_wconf 85' lang='lat' dir='ltr'><strong>lento</strong></span> <span class='ocrx_word' id='word_1_141' title='bbox 664 2527 666 2533; x_wconf 94' lang='lat'>·</span> 
     </span>
    </p>

    <p class='ocr_par' dir='ltr' id='par_1_24' title="bbox 149 2578 676 2709">
     <span class='ocr_line' id='line_1_33' title="bbox 149 2578 676 2648; baseline 0.002 -15"><span class='ocrx_word' id='word_1_142' title='bbox 149 2579 297 2648; x_wconf 76' lang='lat' dir='ltr'><strong>Temperet</strong></span> <span class='ocrx_word' id='word_1_143' title='bbox 313 2580 388 2644; x_wconf 87' lang='lat' dir='ltr'><strong>risu;</strong></span> <span class='ocrx_word' id='word_1_144' title='bbox 405 2579 472 2633; x_wconf 88' lang='lat' dir='ltr'><strong>nihii</strong></span> <span class='ocrx_word' id='word_1_145' title='bbox 489 2582 534 2634; x_wconf 91' lang='lat' dir='ltr'><strong>est</strong></span> <span class='ocrx_word' id='word_1_146' title='bbox 550 2578 585 2633; x_wconf 84' lang='lat' dir='ltr'><strong>eb</strong></span> <span class='ocrx_word' id='word_1_147' title='bbox 602 2578 676 2634; x_wconf 88' lang='lat' dir='ltr'><strong>omni</strong></span> 
     </span>
     <span class='ocr_line' id='line_1_34' title="bbox 182 2653 404 2709; baseline 0.009 -3"><span class='ocrx_word' id='word_1_148' title='bbox 182 2653 267 2709; x_wconf 80' lang='lat' dir='ltr'><strong>Parte</strong></span> <span class='ocrx_word' id='word_1_149' title='bbox 283 2653 404 2708; x_wconf 80' lang='lat' dir='ltr'><strong>beatum.</strong></span> 
     </span>
    </p>

    <p class='ocr_par' dir='ltr' id='par_1_25' title="bbox 151 2726 739 2794">
     <span class='ocr_line' id='line_1_35' title="bbox 151 2726 739 2794; baseline 0.002 -11"><span class='ocrx_word' id='word_1_150' title='bbox 151 2728 278 2783; x_wconf 78' lang='lat' dir='ltr'><strong>Abstulit</strong></span> <span class='ocrx_word' id='word_1_151' title='bbox 294 2729 397 2783; x_wconf 80' lang='lat' dir='ltr'><strong>olorum</strong></span> <span class='ocrx_word' id='word_1_152' title='bbox 414 2727 470 2783; x_wconf 80' lang='lat' dir='ltr'><strong>oito</strong></span> <span class='ocrx_word' id='word_1_153' title='bbox 487 2743 560 2782; x_wconf 86' lang='lat' dir='ltr'><strong>mors</strong></span> <span class='ocrx_word' id='word_1_154' title='bbox 579 2726 722 2794; x_wconf 82' lang='lat' dir='ltr'><strong>Achillem,</strong></span> <span class='ocrx_word' id='word_1_155' title='bbox 737 2779 739 2784; x_wconf 83' lang='lat'><em>.</em></span> 
     </span>
    </p>

    <p class='ocr_par' dir='ltr' id='par_1_26' title="bbox 148 2802 672 2872">
     <span class='ocr_line' id='line_1_36' title="bbox 148 2802 672 2872; baseline -0.008 -14"><span class='ocrx_word' id='word_1_156' title='bbox 148 2802 244 2872; x_wconf 80' lang='lat' dir='ltr'><strong>Longe</strong></span> <span class='ocrx_word' id='word_1_157' title='bbox 261 2803 406 2858; x_wconf 77' lang='lat' dir='ltr'><strong>Tithonum</strong></span> <span class='ocrx_word' id='word_1_158' title='bbox 422 2803 523 2856; x_wconf 86' lang='lat' dir='ltr'><strong>minuit</strong></span> <span class='ocrx_word' id='word_1_159' title='bbox 540 2805 672 2867; x_wconf 81' lang='lat' dir='ltr'><strong>senectus,</strong></span> 
     </span>
    </p>

    <p class='ocr_par' dir='ltr' id='par_1_27' title="bbox 149 2875 666 3020">
     <span class='ocr_line' id='line_1_37' title="bbox 149 2875 666 2944; baseline -0.008 -13"><span class='ocrx_word' id='word_1_160' title='bbox 149 2876 187 2932; x_wconf 78' lang='lat' dir='ltr'><strong>nt</strong></span> <span class='ocrx_word' id='word_1_161' title='bbox 204 2878 271 2932; x_wconf 89' lang='lat' dir='ltr'><strong>mihi</strong></span> <span class='ocrx_word' id='word_1_162' title='bbox 289 2879 381 2933; x_wconf 82' lang='lat' dir='ltr'><strong>forsan</strong></span> <span class='ocrx_word' id='word_1_163' title='bbox 397 2877 451 2932; x_wconf 87' lang='lat' dir='ltr'><strong>tibi</strong></span> <span class='ocrx_word' id='word_1_164' title='bbox 468 2875 543 2944; x_wconf 91' lang='lat' dir='ltr'><strong>quod</strong></span> <span class='ocrx_word' id='word_1_165' title='bbox 559 2876 666 2941; x_wconf 80' lang='lat' dir='ltr'><strong>negarit</strong></span> 
     </span>
     <span class='ocr_line' id='line_1_38' title="bbox 182 2952 402 3020; baseline -0.009 -14"><span class='ocrx_word' id='word_1_166' title='bbox 182 2952 310 3020; x_wconf 85' lang='lat' dir='ltr'><strong>Porriget</strong></span> <span class='ocrx_word' id='word_1_167' title='bbox 327 2953 402 3005; x_wconf 83' lang='lat' dir='ltr'><strong>hors.</strong></span> 
     </span>
    </p>

    <p class='ocr_par' dir='ltr' id='par_1_28' title="bbox 147 3019 727 3094">
     <span class='ocr_line' id='line_1_39' title="bbox 147 3019 727 3094; baseline -0.009 -14"><span class='ocrx_word' id='word_1_168' title='bbox 147 3025 187 3080; x_wconf 77' lang='lat' dir='ltr'><strong>&#39;ie</strong></span> <span class='ocrx_word' id='word_1_169' title='bbox 202 3042 302 3094; x_wconf 78' lang='lat' dir='ltr'><strong>greges</strong></span> <span class='ocrx_word' id='word_1_170' title='bbox 319 3029 430 3079; x_wconf 86' lang='lat' dir='ltr'><strong>centum</strong></span> <span class='ocrx_word' id='word_1_171' title='bbox 448 3021 609 3086; x_wconf 81' lang='lat' dir='ltr'><strong>Siculaeque</strong></span> <span class='ocrx_word' id='word_1_172' title='bbox 626 3019 727 3075; x_wconf 77' lang='lat' dir='ltr'><strong>circum</strong></span> 
     </span>
    </p>

    <p class='ocr_par' dir='ltr' id='par_1_29' title="bbox 146 3091 711 3170">
     <span class='ocr_line' id='line_1_40' title="bbox 146 3091 711 3170; baseline -0.021 -14"><span class='ocrx_word' id='word_1_173' title='bbox 146 3099 277 3170; x_wconf 77' lang='lat' dir='ltr'><strong>Mugiunt</strong></span> <span class='ocrx_word' id='word_1_174' title='bbox 293 3114 400 3164; x_wconf 74' lang='lat' dir='ltr'><strong>vosone,</strong></span> <span class='ocrx_word' id='word_1_175' title='bbox 417 3095 470 3150; x_wconf 85' lang='lat' dir='ltr'><strong>tibi</strong></span> <span class='ocrx_word' id='word_1_176' title='bbox 485 3093 558 3146; x_wconf 88' lang='lat' dir='ltr'><strong>tollit</strong></span> <span class='ocrx_word' id='word_1_177' title='bbox 574 3091 711 3144; x_wconf 84' lang='lat' dir='ltr'><strong>hinnitum</strong></span> 
     </span>
    </p>
   </div>
   <div class='ocr_carea' id='block_1_4' title="bbox 0 0 1027 3416">
    <p class='ocr_par' dir='ltr' id='par_1_30' title="bbox 0 0 1027 3416">
     <span class='ocr_line' id='line_1_41' title="bbox 0 0 1027 3416; baseline 0 0"><span class='ocrx_word' id='word_1_178' title='bbox 0 0 1027 3416; x_wconf 95' lang='lat' dir='ltr'><strong> </strong></span> 
     </span>
    </p>
   </div>
  </div>
 </body>
</html>
