2008 3416
161 355 199 435 Q.
238 347 495 418 HORATII
534 347 750 414 FLAGGI

297 501 613 572 CARMINUM

352 677 480 734 LIBER
499 674 555 735 IV.

170 933 347 1000 Inrnemssr,
364 849 468 999 Venul}
486 932 535 986 diu

202 1010 306 1062 Rursus
323 1007 396 1061 bella
412 1009 523 1060 moves?
547 1006 639 1074 Parce,
655 1022 760 1076 precor,
775 1022 879 1076 precor.

168 1083 229 1138 Non
245 1100 306 1136 eum
324 1082 412 1150 qualis
430 1097 505 1134 eram
521 1080 610 1134 bonae

201 1157 258 1212 Sub
275 1173 360 1225 regno
379 1156 502 1210 Cinarae.
537 1155 648 1223 Desine,
667 1155 785 1209 dulcium

168 1232 258 1288 Mater
275 1249 357 1286 saeva
375 1231 548 1300 Cupidinum,
867 1246 881 1284 c

202 1309 280 1362 Circa
296 1308 383 1361 lustra
400 1307 497 1360 decem
512 1305 625 1359 fleclere
642 1305 769 1359 mollibus

168 1383 237 1436 Jam·
247 1383 347 1436 durum
364 1382 501 1450 imperiis:
518 1381 564 1434 abi

202 1459 260 1522 Quo
277 1457 396 1510 blandae
408 1457 542 1524 juvenum
560 1458 590 1510 le
607 1458 738 1510 revocant
753 1471 855 1524 preces.

168 1532 366 1602 Tempestirius
382 1531 411 1584 in
429 1531 540 1584 domum

202 1607 289 1661 Paulli
306 1606 451 1675 purpureis
469 1606 527 1659 ales
543 1605 664 1659 oloribus
857 1619 881 1662 lo

169 1681 385 1737 Commissabere
403 1681 525 1748 Maximi,

202 1757 231 1812 Si
247 1761 353 1811 torrere
365 1756 447 1824 jecur
465 1756 573 1824 quaeris
590 1755 736 1810 idoneum:

168 1833 293 1902 Namque
311 1835 341 1886 el
356 1828 455 1902 nobilis
472 1835 501 1885 et
518 1831 618 1885 decens

202 1909 239 1962 El
255 1924 305 1976 pro
323 1907 445 1960 sollicitis
462 1923 517 1960 non
533 1908 633 1961 tacitus
650 1907 706 1960 reia

121 2029 123 2036 ,
169 1984 206 2041 Et
222 1987 334 2038 centum
350 1999 421 2052 puer
437 1983 537 2035 artium
860 1996 882 2034 15

203 2059 271 2112 Lace
289 2058 366 2124 signa
383 2057 454 2110 leret
472 2057 585 2110 militiae
602 2061 674 2124 tuae,

170 2135 207 2191 Er
223 2133 388 2203 quandoque
406 2133 545 2201 potenlior

204 2209 287 2276 Largi
304 2207 463 2261 muneribus
480 2207 574 2261 riserit
590 2205 689 2260 aemuli

171 2285 292 2339 Albanos
310 2299 394 2351 prope
411 2286 440 2336 te
457 2282 532 2336 lacus

204 2359 292 2427 Ponet
308 2362 489 2410 marmoream
507 2356 558 2411 sub
576 2357 655 2412 trabe
673 2358 765 2414 cilrea
859 2373 884 2411 ro

171 2433 231 2488 lllic
248 2433 366 2503 plurima
382 2432 493 2486 naribus

204 2510 295 2562 Duces
312 2509 401 2574 thura,
419 2508 548 2577 lyraeque
565 2511 595 2562 et
613 2506 791 2580 Berecyntiae

171 2583 350 2638 Delectaberc
367 2583 453 2637 tibiae

203 2657 300 2712 Mixtie
317 2658 483 2711 carminibus
499 2673 554 2710 non
572 2657 631 2711 eine
649 2655 758 2722 fistula3

172 2732 232 2789 Illic
249 2733 293 2787 bis
309 2733 388 2802 pueri
406 2732 452 2786 die
860 2745 884 2784 rs

203 2810 313 2862 Numen
331 2825 392 2862 oum
409 2807 514 2861 teneris
531 2805 685 2875 virginibus
701 2808 780 2860 tuum

171 2883 327 2938 Laudanles
341 2883 415 2951 ¹pede
433 2881 550 2936 candido
782 2946 784 2950 Δ

204 2960 238 3013 ln
256 2975 359 3012 morem
378 2958 480 3012 Salium
498 2961 543 3010 ter
560 2955 686 3024 quatient
702 2955 822 3010 humum.

169 3033 217 3094 Me
234 3051 285 3088 nec
301 3034 404 3086 femina
421 3047 471 3084 nec
488 3047 557 3099 puer

203 3109 223 3164 J
225 3125 270 3162 am
286 3124 339 3162 nec
356 3123 419 3176 spes
436 3105 520 3160 animi
537 3105 648 3160 credula
665 3106 762 3174 mutui,
861 3119 886 3160 eo
