2044 3416
326 118 582 168 EPISTOLARUM
598 120 635 168 11.
654 121 677 170 2.
876 121 920 174 197

69 195 222 267 Quaedam,
241 199 264 254 si
282 199 372 254 credis
389 199 525 266 consultis,
543 200 678 268 mancipat
695 216 775 266 usus;

69 272 126 337 Qui
144 276 174 327 te
191 275 279 342 pascit
296 291 362 342 ager
378 277 442 328 tuus
460 279 510 341 est,
529 279 559 329 et
576 275 680 328 villicus
699 275 775 344 Orbi,
888 290 921 330 150

70 349 143 402 Cum
161 353 269 416 segetes
287 353 363 404 occat
380 349 433 403 tibi
450 366 514 403 mox
530 350 669 404 frumenta
686 351 805 419 daturas,

70 423 110 476 Te
129 423 269 478 dominum
284 425 374 480 sentit.
410 425 466 481 Das
483 441 614 494 nummos,
631 426 730 494 accipis
746 443 835 495 uvam,

70 497 173 567 Pullos,
192 516 249 568 ova,
267 500 364 554 cadum
382 501 491 554 temeti:
510 517 608 569 nempe
625 501 706 554 modo
722 502 776 556 isto

71 573 209 628 Paulatim
227 577 356 631 mercaris
373 592 469 644 agriun
485 577 600 630 fortasse
618 577 749 630 trecentis

7 703 8 724 ,
71 651 134 704 Aut
151 651 233 704 etiarn
251 667 334 720 supra
350 667 520 705 nummorum
538 651 657 704 millibus
675 656 803 721 emptum.
887 667 920 709 105

7 763 9 802 5
71 725 147 788 Quid
164 726 250 780 refert
265 727 340 780 vivas
357 730 500 780 numerato
516 743 604 796 nuper
620 743 654 780 an
673 727 757 782 olimi

7 863 8 866 Ἴ
70 801 189 869 Emptor
207 801 312 856 Aricini
330 802 466 870 qnondam
485 802 610 856 Veientis
627 805 656 858 et
674 803 732 858 arvi

71 876 204 944 Emptum
222 881 317 932 coenat
335 878 400 942 olus,
419 878 541 946 quamvis
558 878 639 932 aliter
655 882 751 948 putat3
768 879 867 950 emptis

71 951 131 1004 Sub
148 956 256 1006 noctem
272 953 391 1021 gelidam
408 953 487 1020 lignis
505 953 648 1007 calefactat
664 959 776 1020 aenum3

7 1051 8 1058 ¹
71 1027 130 1082 Sed
146 1031 224 1082 vocat
241 1045 327 1098 usque
345 1045 424 1082 suum
441 1045 495 1097 qna
512 1029 628 1097 populus
644 1028 735 1082 adsita
752 1029 834 1083 certis
886 1043 920 1084 110

7 1113 8 1116 ’
71 1101 218 1156 limitibus
235 1104 322 1157 vicina
339 1103 441 1170 refugit
455 1102 563 1170 jurgia;
579 1104 719 1169 tamquam

70 1177 115 1230 Sit
132 1179 272 1247 proprium
288 1179 445 1247 quidquam,
462 1181 562 1246 puncto
580 1176 654 1244 quod
670 1176 777 1231 mobilis
794 1177 877 1232 horae

7 1285 8 1290 κ
70 1252 97 1305 N
98 1269 153 1306 unc
164 1270 252 1322 prece,
264 1271 334 1308 nunc
344 1255 441 1322 pretio,
453 1269 525 1307 nunc
535 1253 570 1320 ri,
583 1269 654 1312 nunc
665 1258 754 1308 morte
766 1271 891 1324 suprema

71 1329 216 1384 Permutct
234 1329 356 1384 dominos
374 1333 404 1384 et
420 1330 501 1383 cedat
518 1329 546 1382 in
564 1329 650 1383 altera
663 1330 735 1397 jura.

70 1404 115 1458 Sic
134 1405 197 1474 quia
213 1409 362 1476 perpetuus
379 1404 447 1458 nulli
465 1405 547 1458 datur
563 1420 636 1472 usus,
653 1408 682 1458 et
699 1405 780 1458 heres
885 1423 918 1462 115

71 1479 212 1534 Heredem
230 1481 342 1536 alterius
359 1481 434 1535 velut
450 1481 525 1534 unda
542 1480 699 1549 superuenit
715 1479 824 1549 undam,

70 1555 143 1619 Quid
161 1556 213 1610 vici
229 1560 343 1626 prosunt
360 1559 408 1610 aut
425 1555 538 1610 horreat
556 1555 656 1624 quidve
675 1553 797 1608 Calabris

70 1627 192 1682 Saltibus
209 1629 310 1699 adjecti
329 1630 437 1698 Lucani,
455 1629 479 1684 si
495 1631 577 1684 metit
595 1629 681 1684 Orcus

70 1703 194 1758 Grandia
212 1721 273 1758 cum
290 1705 388 1774 parvis,
406 1722 460 1758 non
478 1704 623 1759 exorabilis
641 1706 724 1760 aurel

70 1779 206 1848 Gemmas,
224 1797 349 1848 marmor,
368 1781 443 1847 ebur,
463 1779 601 1848 Tyrrhena
618 1781 712 1849 sigilla,
731 1779 869 1848 tabellae,
885 1797 918 1836 150

69 1855 234 1923 Argentum,
252 1859 341 1909 vestes
360 1855 475 1910 Gaetulo
492 1855 594 1910 murice
611 1856 719 1925 tinctas,

68 1929 141 1984 Sunt
159 1931 206 1999 qui
222 1947 276 1984 non
293 1931 419 1996 habeant,
437 1935 480 1985 cst
498 1931 545 2000 qui
561 1948 617 1986 non
634 1936 712 1986 curat
728 1931 836 1988 habere.

69 2005 127 2060 Cur
143 2005 216 2060 alter
231 2007 348 2060 fratrum
366 2023 471 2062 cessare
489 2011 519 2060 et
536 2007 632 2061 ludere
650 2011 679 2060 et
696 2007 764 2074 ungi

69 2081 212 2135 Praeferat
230 2082 350 2136 Herodis
367 2082 493 2151 palmetis
509 2081 662 2151 pinguibus,
680 2081 752 2136 alter

68 2157 154 2211 Dives
172 2162 201 2212 et
219 2158 389 2226 importunus
406 2157 443 2211 ad
459 2157 584 2212 umbram
601 2157 669 2212 lucis
686 2157 721 2210 ab
739 2160 802 2212 ortu
886 2173 919 2214 155

67 2231 228 2287 Silvestrcm
245 2232 360 2286 fiammis
378 2235 407 2286 et
423 2232 496 2286 ferro
514 2233 623 2300 mitiget
640 2249 744 2300 agrum,

67 2307 127 2362 Scit
145 2307 256 2375 Genius,
273 2308 364 2362 natale
382 2324 472 2362 comes
490 2309 536 2378 qui
554 2311 691 2377 temperat
708 2311 819 2378 astrum,

67 2383 93 2436 N
95 2385 193 2437 aturae
211 2384 278 2437 dens
296 2383 437 2450 humanae,
455 2383 579 2438 mortalis
596 2383 625 2436 in
642 2400 726 2437 unum
765 2388 771 2402 ¹

68 2458 204 2528 Quodque
221 2462 311 2528 caput,
328 2459 406 2513 vultu
423 2459 572 2528 mutabilis,¹
587 2459 666 2512 albus
683 2463 712 2513 et
729 2462 796 2514 ater.

66 2534 140 2588 Utar
157 2536 187 2588 et
204 2551 239 2588 cx
256 2534 362 2588 modico
382 2537 514 2602 quantum
531 2551 576 2588 res
594 2538 689 2604 poscet
706 2550 803 2588 acervo
885 2551 918 2592 100

66 2609 179 2678 Tollam,
197 2625 249 2663 nec
265 2613 386 2664 metuam
404 2609 471 2678 quid
489 2609 524 2664 de
541 2625 586 2662 mo
598 2607 712 2676 judicet.
724 2608 812 2680 heres,

67 2685 149 2751 Quod
167 2701 221 2739 non
238 2685 318 2756 plura
335 2685 408 2739 datis
425 2685 577 2750 invenerit3
594 2685 624 2738 et
641 2687 734 2738 tamen
750 2683 824 2738 idem

66 2761 142 2815 Scire
160 2760 249 2814 volam
267 2763 400 2830 quantum
418 2759 533 2828 simplex
549 2757 697 2826 hilarisque
713 2759 808 2828 nepoti

66 2836 215 2906 Discrepet
231 2839 262 2890 55
278 2839 411 2906 quantum
428 2834 567 2889 discordet
584 2849 682 2903 parcus
699 2848 788 2890 avaro.

66 2913 161 2966 Distat
170 2911 242 2965 enim
253 2926 365 2980 spargas
373 2913 422 2965 tua
430 2909 560 2978 prodigus
569 2925 602 2962 cn
610 2925 699 2977 neque
709 2911 849 2978 sumptum
883 2925 917 2966 105

66 2987 176 3042 Invitus
193 2986 277 3040 facias
294 3001 383 3056 neque
400 2985 478 3054 plura
495 3000 592 3052 parare
608 2983 722 3052 labores,

66 3065 109 3117 Ac
126 3061 228 3133 potius,
245 3078 314 3129 puer
330 3064 363 3114 ut
379 3059 457 3114 festis
475 3058 690 3129 Quinquatribus
706 3058 779 3128 olim,

65 3137 175 3206 Exiguo
191 3139 327 3206 gratoque
343 3135 443 3188 fruaris
460 3136 585 3200 tempore
602 3135 709 3204 raptim.
