2044 3416
13 185 14 196 χ
332 119 640 170 nr1sr0nAauM1n
660 121 684 168 a
881 119 926 166 19⁵

13 207 14 260 ζ
80 200 122 254 'lu
139 215 184 254 me
200 199 275 253 inter
291 198 424 267 strepitus
441 203 587 254 nocturnos
604 203 687 268 utque
705 199 816 252 diurnos

79 277 131 330 Vis
148 291 245 330 canere
263 278 292 329 et
309 279 449 330 contracta
467 276 545 344 sequi
562 276 678 343 vestigia
694 275 803 328 vatuml
903 287 931 326 so

13 383 15 400 .
80 351 226 419 Ingenium
244 350 297 404 sibi
315 351 389 419 quod
407 367 504 405 vamme
522 351 673 419 desumpsit
691 349 823 416 Athenas,

13 413 15 472 ἶ
80 427 117 480 Et
135 426 233 480 studiis
251 443 335 480 annos
353 430 458 494 septem
476 426 555 480 dedit
571 426 745 493 insenuitque

80 501 171 555 Libris
189 505 218 556 et
235 502 316 569 curis,
335 505 427 556 statua
443 503 606 556 taciturnius
624 501 682 554 exit

13 575 15 586 ’
80 576 246 644 Plerumque
263 581 293 631 et
310 577 367 630 risu
384 577 514 646 populum
532 578 636 645 quatit;
654 576 698 629 hic
715 591 767 644 ego
784 589 876 628 rerum

80 651 222 705 Fluctibus
238 651 267 706 in
285 652 383 705 mediis
401 657 430 706 et
447 652 658 721 tempestatibus
674 651 751 706 urbis
905 663 929 702 ss

13 729 14 800 l
80 725 174 780 Verba
190 727 264 795 lyrae
280 731 389 780 motura
407 743 503 782 sonum
521 730 682 782 connectere
700 725 813 794 dignerl

13 843 14 864 1
79 801 180 856 Frater
198 805 258 856 crat
276 803 380 856 Romae
397 803 513 858 consulti
532 803 634 870 rhetor,
652 805 686 857 ut
703 802 774 856 alter

80 877 205 930 Alterius
223 894 347 932 sermone
365 894 455 932 meros
472 879 582 933 audiret
598 878 722 946 honores,

80 953 218 1006 Gracchus
235 956 267 1007 ut
284 953 328 1007 hic
345 953 393 1022 illi,
410 954 481 1008 foret
498 953 561 1008 huic
578 957 611 1008 ut
628 953 736 1007 Mucius
753 952 806 1021 ille,

13 1019 14 1074 l
80 1028 132 1091 Qui
150 1029 240 1082 minus
256 1032 367 1096 argutos
384 1033 466 1083 vexat
483 1029 560 1083 furor
576 1029 630 1083 istc
644 1029 756 1096 poetas?
905 1043 929 1082 so

13 1127 14 1136 ¹
83 1104 213 1160 Carmina
230 1117 367 1172 compono,
385 1105 430 1158 hic
447 1105 546 1172 elegos.
581 1104 725 1158 “Mirabile
737 1103 797 1156 visu

81 1177 278 1246 caelatumque
295 1195 392 1234 novem
411 1180 498 1234 Musis
515 1179 615 1248 opus!''
652 1178 774 1246 Adspice
790 1177 916 1247 primum,

13 1287 14 1336 p
80 1253 189 1317 Quanto
206 1270 267 1308 cum
284 1255 364 1321 fastu,
383 1259 486 1323 quanto
503 1254 642 1308 molimine
660 1254 773 1308 circum·

13 1339 14 1400 ζ
80 1328 239 1396 Spectemus
257 1345 369 1383 vacuam
388 1330 517 1384 Romanis
533 1330 641 1384 vatibus
659 1329 769 1384 aedem!

78 1403 146 1456 Mox
163 1404 253 1474 etiam,
271 1405 295 1458 si
312 1405 384 1460 forte
401 1422 487 1474 vacas,
506 1423 622 1475 sequere
639 1410 668 1460 et
685 1404 779 1474 procul
795 1403 868 1472 audi,
904 1418 928 1460 st

79 1479 153 1542 Quid
170 1479 241 1533 ferat
258 1483 288 1534 ct
306 1497 391 1549 quare
409 1481 460 1535 sibi
478 1486 571 1536 nectat
588 1485 705 1551 uterque
722 1496 855 1534 coronam.

79 1553 227 1607 (laedimur
244 1559 274 1609 et
291 1557 406 1610 totidem
424 1557 512 1626 plagis
529 1557 712 1612 consumimus
728 1556 834 1609 hostem

13 1627 14 1664 ἶ
78 1628 168 1682 Lento
186 1629 322 1686 Samnites
340 1633 377 1685 ad
393 1632 496 1686 lumina
513 1634 602 1702 prima
620 1633 718 1686 duello.

78 1703 198 1758 Discedo
218 1706 335 1761 Alcaeus
353 1712 453 1776 puncto
471 1709 558 1773 illius;
575 1709 621 1762 ille
639 1723 700 1760 mco
719 1706 798 1774 quisi

79 1781 146 1844 Quis
163 1779 216 1833 nisi
235 1781 431 1838 Callimachusl
467 1783 496 1838 si
513 1784 575 1852 plus
592 1783 741 1852 adposcere
756 1782 836 1848 visus,
895 1796 928 1836 loo

13 1865 14 1872 ’
78 1855 126 1908 Fit
143 1856 322 1912 Mimnermus
341 1862 370 1913 et
388 1859 479 1927 optivo
497 1860 655 1926 cognomine
673 1859 779 1912 crescit.

77 1931 169 1986 Multa
185 1931 243 1986 fero
260 1936 292 1987 ut
308 1934 413 2002 placem
430 1951 516 2002 genus
534 1935 669 1988 irritabile
687 1938 788 2000 vatum,

77 2008 148 2061 (lum
167 2007 255 2062 scribo
272 2012 301 2062 et
319 2009 434 2078 supplex
442 2011 543 2080 populi
561 2011 688 2078 suffragia
706 2013 801 2077 capto;

77 2083 167 2150 Idem,
186 2083 272 2137 finitis
290 2085 388 2138 studiis
406 2091 436 2139 et
453 2089 545 2139 mente
563 2092 682 2153 recepta,
848 2083 850 2087 ’

76 2159 214 2213 Obturem
232 2159 340 2228 patulas
357 2161 468 2228 impune
484 2161 638 2228 legentibus
655 2174 744 2213 aures¹
895 2174 928 2220 1⁰5

76 2234 218 2288 Ridentur
236 2234 308 2288 mula
325 2236 373 2304 qui
391 2240 557 2306 componunt
574 2235 707 2300 carmina3
725 2249 820 2288 verum

75 2310 208 2364 Gaudent
226 2309 375 2365 scribentes
393 2315 423 2366 et
440 2328 470 2364 sc
487 2314 657 2379 venerantur,
676 2315 705 2364 ct
721 2309 801 2378 ultro,

74 2386 104 2440 Si
123 2389 224 2450 taceas,
242 2385 356 2441 laudant
373 2387 508 2456 quidquid
525 2388 658 2459 scripsere
675 2385 759 2442 beati.

74 2463 118 2515 At
135 2463 184 2531 qui
201 2461 354 2530 legitimum
371 2463 463 2532 cupiet
480 2463 575 2518 fecisse
592 2469 689 2532 poema

73 2537 147 2592 Cum
165 2536 267 2590 tabulis
284 2539 404 2592 animum
423 2540 541 2592 censoris
562 2545 652 2592 sumet
668 2537 792 2602 honesti3
895 2551 928 2590 uo

73 2614 202 2668 Audebit
220 2631 397 2684 quaecunque
414 2631 510 2684 parum
528 2615 679 2684 splendoris
696 2613 838 2668 habebunt

73 2689 114 2743 Et
131 2689 191 2744 sinc
209 2690 331 2758 pondere
348 2694 428 2744 erunt
446 2695 476 2745 et
493 2691 595 2744 honore
612 2689 725 2756 indigna
741 2689 864 2742 ferentur

73 2763 172 2818 Verba
189 2779 299 2818 movere
316 2765 382 2833 loco,
401 2766 524 2834 quamvis
541 2765 626 2819 invita
644 2764 775 2818 reccdaut

72 2837 112 2892 ut
129 2843 276 2893 versentur
293 2840 382 2894 adhuc
399 2841 472 2895 intra
489 2840 641 2910 penetralia
658 2839 768 2894 Vestae.

73 2913 231 2970 Obscurata
248 2915 297 2969 diu
314 2916 414 2986 populo
432 2917 519 2970 bonus
537 2920 616 2970 cruet
634 2920 718 2983 atque
894 2927 928 2968 115

72 2987 203 3044 Proferet
220 2991 249 3044 in
267 2990 355 3044 lucem
374 2992 495 3060 speciosa
512 2991 641 3045 vocabula
658 3007 757 3058 rerum,

72 3063 151 3128 Quae
170 3065 268 3134 priscis
286 3070 436 3120 memorata
454 3065 603 3122 Catonibus
621 3071 704 3134 atque
723 3063 852 3132 Cethegis

70 3136 97 3190 N
99 3155 154 3194 unc
173 3140 244 3194 situs
261 3141 384 3194 informis
401 3142 503 3209 premit
520 3146 549 3194 et
567 3142 677 3196 dcserta
694 3145 832 3202 vetustcs;

106 3221 135 3266 16
