2044 3416
98 84 146 132 2⁰2
369 80 524 130 HORATII
541 79 673 130 FLAOOI

96 161 127 216 Si
144 160 261 216 dicentis
279 163 360 215 erunt
377 159 495 214 fortunis
514 159 617 214 absona
634 154 709 216 dicta

96 237 212 292 Romam
229 236 328 291 tollent
347 235 454 305 equites
472 237 636 306 peditesque
653 235 820 294 cachinnum.

97 312 231 366 Intererit
247 312 364 366 multum
383 311 496 366 dinisne
513 312 642 380 loquatur
660 329 694 366 an
713 311 802 382 heros,
1008 357 1009 360 η

97 388 259 442 Maturusne
277 405 360 442 senex
377 404 412 441 an
430 386 521 443 adhuc
538 388 654 442 florente
666 382 784 456 juventa
918 403 957 446 11³
1008 417 1009 434 1

98 462 240 530 Fervidus,
258 467 288 518 et
305 465 429 518 matrona
446 467 544 532 proteus
561 480 596 518 an
614 463 710 518 sedula
725 463 827 531 nutrix,

98 539 272 594 Mercator'ne
289 555 374 608 vagtis
391 539 515 594 cultorne
532 539 646 594 virentis
664 539 752 608 agelli,

99 614 217 668 Colchus
234 631 269 669 an
288 613 423 683 Assyrius,
441 615 542 670 Thebis
559 615 680 670 nutritus
699 631 734 669 an
753 613 845 683 Argis

99 693 159 744 Aut
176 691 276 744 famam
293 706 407 760 sequere
424 695 473 744 aut
491 691 543 744 sibi
560 690 748 745 convenientia
764 691 845 759 finge.

99 765 221 834 Scriptor
237 766 399 820 honoratum
417 766 440 820 si
457 767 529 820 forte
545 766 654 835 reponis
673 766 817 835 Achillem,
918 781 954 821 leo

100 840 229 909 Impiger,
246 840 398 909 iracundus,
416 841 598 910 inexorabilis,
616 858 687 910 acer,

99 916 118 969 J
120 933 170 970 ura
186 920 269 986 neget
286 916 338 971 sibi
355 921 427 984 nata,
445 917 513 970 nihil
530 934 584 970 non
601 920 712 986 arroget
728 918 818 972 armis.

100 991 143 1046 Sit
160 992 261 1048 Medea
277 993 354 1048 ferox
371 992 533 1061 invictaque,
551 991 650 1046 flebilis
669 994 727 1060 Ino,

100 1067 227 1124 Perfidus
246 1069 332 1137 Ision,
351 1069 384 1122 Io
400 1083 476 1136 vage,
493 1067 582 1122 tristis
600 1069 721 1123 Orestes.
739 1071 741 1076 ’

100 1143 213 1213 Siquid
230 1146 403 1214 inexpertum
420 1160 516 1198 scenae
533 1144 681 1198 committis
698 1147 727 1198 et
744 1142 830 1199 audes
917 1157 955 1202 lan

100 1217 247 1274 Personam
264 1221 382 1274 formare
398 1235 503 1286 novam,
522 1223 647 1274 servetur
663 1219 700 1274 ad
717 1219 802 1274 imum

101 1293 193 1358 Qualis
211 1295 246 1348 ob
263 1296 372 1364 incepto
389 1293 559 1364 processerit,
577 1298 606 1348 et
623 1294 675 1348 sibi
693 1298 806 1350 constet

101 1368 216 1424 Difficile
233 1375 276 1424 est
292 1370 402 1440 proprie
419 1370 573 1424 communia
589 1369 696 1436 dicere;
712 1373 800 1439 tuque

101 1443 214 1500 Rectius
233 1446 346 1500 Iliacum
363 1462 471 1500 carmen
489 1445 603 1501 deducis
620 1445 649 1500 in
666 1450 751 1513 aetus,

101 1519 188 1584 Quam
206 1521 228 1576 si
246 1522 383 1591 proferres
400 1523 494 1589 ignota
510 1521 669 1591 indictaque
685 1521 797 1591 primus.

102 1595 213 1651 Publica
229 1598 358 1652 materies
375 1599 476 1666 privati
489 1597 561 1666 juris
579 1599 640 1666 erit,
658 1597 682 1652 si

100 1670 127 1724 N
128 1687 163 1725 on
181 1672 251 1726 circa
268 1673 350 1727 vilem
368 1674 545 1743 patulumque
562 1673 711 1728 moraberis
728 1673 830 1743 orbem,

100 1746 127 1799 N
128 1763 159 1805 aa
176 1747 259 1802 verbo
276 1749 390 1802 verbum
407 1748 515 1802 curabis
533 1748 651 1802 reddere
669 1748 741 1802 fidus

101 1821 248 1891 Interpres,
266 1839 317 1877 nec
336 1823 444 1876 desilies
462 1824 585 1878 imitator
601 1824 630 1878 in
647 1827 753 1878 arctum

100 1896 181 1951 Unde
198 1898 297 1965 pedem
313 1898 435 1967 prolerre
452 1899 542 1967 pudor
558 1902 635 1953 vetet
652 1902 701 1953 aut
717 1899 808 1968 operis
825 1899 881 1956 lex.
914 1915 950 1956 las

100 1973 126 2025 N
128 1988 159 2026 ec
176 1973 215 2028 sic
231 1973 344 2042 incipies
361 1976 393 2027 ut
411 1974 528 2042 scriptor
544 1974 660 2042 cyclicus
678 1974 755 2028 olim:

100 2047 269 2104 “Fortunam
287 2049 389 2103 Priami
407 2049 521 2102 cantabo
538 2052 568 2102 et
585 2049 676 2104 nobile
693 2049 819 2106 bellum.”

101 2123 173 2187 Quid
191 2125 303 2192 dignum
320 2127 397 2178 tanto
414 2124 485 2177 feret
502 2123 547 2177 bic
563 2124 711 2192 promissor
728 2125 822 2180 hiatui

101 2199 261 2254 Parturiunt
277 2204 390 2267 montes,
405 2203 539 2253 nascetur
555 2199 687 2254 ridiculus
704 2217 772 2256 mus.

100 2275 208 2338 Quanto
225 2275 326 2328 rectius
343 2275 387 2328 bic
405 2275 452 2343 qui
469 2275 508 2328 nil
525 2275 639 2329 molitur
655 2277 763 2346 inepte:
915 2291 951 2332 ιω

100 2348 173 2404 “Dic
189 2349 263 2416 mihi,
282 2349 368 2415 Musa,
385 2349 474 2403 virum
491 2353 587 2418 captae
604 2355 668 2420 post
685 2355 809 2420 tempora
825 2352 925 2420 Trojae

100 2424 154 2490 Qui
170 2443 260 2480 mores
277 2425 417 2478 hominum
433 2425 582 2479 multorum
600 2427 671 2480 vidit
690 2431 720 2480 et
737 2426 842 2482 urbcs.''

99 2501 126 2556 N
128 2519 163 2556 on
179 2503 283 2556 fumum
301 2517 336 2555 ex
353 2501 458 2569 fulgore
475 2501 525 2554 sed
543 2518 578 2556 ex
595 2502 670 2556 fumo
689 2503 755 2556 dare
772 2503 859 2558 lucem

100 2578 217 2647 Cogitat,
234 2583 267 2632 nt
284 2577 405 2647 speciosa
422 2576 521 2630 dehine
539 2577 670 2632 miracula
686 2583 801 2647 promat,

100 2654 271 2722 Antiphaten
283 2653 452 2721 Scyllamque
464 2655 567 2706 etcum
579 2653 694 2722 Cyclope
707 2653 872 2722 Charybdim
912 2667 949 2712 14⁵

98 2727 158 2783 Nec
175 2727 294 2783 reditum
312 2728 453 2781 Diomedis
470 2727 506 2780 ab
523 2727 639 2782 interitu
655 2729 794 2797 Meleagri,

98 2803 125 2858 N
126 2821 158 2859 ec
174 2805 281 2872 gemino
299 2802 400 2856 bellum
418 2802 566 2870 Trojanum
584 2804 691 2858 orditur
708 2803 743 2857 ab
760 2820 827 2872 ovo3

98 2879 213 2949 Semper
230 2879 267 2934 ad
283 2881 412 2932 eventum
429 2878 543 2933 festinat
561 2882 590 2933 et
608 2880 636 2933 in
654 2879 760 2934 medias
778 2896 824 2936 res

98 2953 124 3006 N
126 2970 161 3006 on
178 2969 255 3007 secus
272 2968 304 3006 ao
321 2956 399 3006 notas
416 2953 569 3007 auditorem
587 2955 666 3024 rapit,
684 2959 713 3009 et
730 2971 802 3024 quae

98 3025 234 3093 Desperat
251 3031 370 3080 tractata
386 3027 522 3081 nitescere
538 3045 618 3098 posse
637 3029 782 3100 relinquit3
913 3047 949 3089 isc

99 3100 193 3165 Atque
210 3100 250 3151 ita
267 3100 407 3166 mentitur,
426 3100 465 3153 sic
482 3103 554 3156 veris
570 3103 639 3158 falsa
655 3106 795 3176 remiscct,
