2008 3416
118 103 165 150 100
391 101 544 152 HORATII
562 102 691 152 PLAOOI

117 179 205 243 Quam
223 195 312 249 neque
329 179 439 234 finitimi
456 181 600 234 valuerunt
616 181 734 248 perdere
752 181 837 236 Marsi

150 255 266 308 Minacis
283 257 331 308 aut
351 256 466 309 Etrusca
484 255 621 308 Porsenae
638 271 741 321 mamus,
839 297 844 304 .

117 330 233 383 Aemula
250 347 301 383 neo
318 331 405 383 virtus
424 331 532 398 Capuae
550 346 601 382 neo
620 330 766 398 Spartacus
780 348 843 386 acer

150 405 176 458 N
178 406 289 474 ovisque
306 405 389 459 rebus
406 405 525 457 infidelis
544 405 683 472 AllobroX,

115 479 142 533 N
143 497 174 534 eo
190 481 249 534 fera
266 481 390 534 caerulea
408 480 513 533 domuit
531 479 678 533 Germania
695 481 768 548 pube

149 555 367 624 Parentibusque
385 555 556 608 abominatus
575 555 722 624 Hannibal,

115 631 204 696 Impia
221 631 367 700 perdemus
385 629 477 684 devoti
495 630 634 698 sanguinis
652 634 735 699 aetas,

148 706 281 774 Fer-isque
298 722 392 758 rursus
404 705 579 773 occupabitur
596 707 691 759 solum.

114 781 251 838 Barbarus
270 782 325 834 heu
341 783 445 834 cineres
463 781 573 834 insistet
590 782 677 834 vietor
694 785 722 835 et
740 781 844 837 Urbem

148 857 239 925 Eques
258 859 370 910 sonante
387 856 544 910 verberabit
561 857 670 930 ungula,

114 931 244 1000 Quaeque
262 935 355 985 carent
373 931 462 984 ventis
480 935 509 984 et
497 927 629 984 tsolibus
647 947 708 985 ossa
726 932 838 1001 Quirini,

147 1007 231 1060 Nefas
248 1007 358 1060 videre!
378 1005 523 1073 dissipabit
540 1005 665 1060 insolens.

112 1081 196 1136 Forte
213 1082 281 1152 quid
298 1081 426 1149 expediat
443 1081 622 1134 communiter
638 1085 686 1136 aut
703 1081 798 1136 melior
815 1097 880 1148 pars
943 1059 994 1174 ιδῖ

146 1158 227 1212 Malis
245 1173 337 1210 carere
356 1156 488 1225 quaeritis
505 1155 656 1212 laboribus:

111 1231 232 1286 Nulla
211 1237 247 1286 s1t
235 1233 314 1286 thao
331 1232 421 1301 potior
442 1248 489 1285 sen
490 1231 583 1300 tentia,
603 1232 786 1286 Phocaeorum

145 1309 230 1362 Velut
247 1308 367 1376 profugit
384 1311 524 1362 exsecrata
541 1307 636 1361 civitas

111 1383 248 1450 Agrost
219 1387 248 1436 a
249 1401 302 1451 que
320 1384 404 1437 Lares
420 1383 523 1452 patrios
541 1383 743 1452 habitandaque
759 1383 821 1436 fana

144 1460 229 1527 Apris
246 1460 357 1527 reliquit
375 1463 404 1512 et
421 1458 563 1526 rapacibus
580 1459 658 1527 lupis,
993 1525 994 1532 ἵ

111 1533 157 1586 lre
174 1535 259 1602 pedes
277 1551 438 1603 quocunque
455 1534 552 1600 ferent,
571 1551 730 1602 quocunque
747 1551 797 1602 per
814 1533 905 1589 undas

144 1609 233 1664 Notus
251 1609 423 1664 vocabitt
375 1613 423 1663 aut
440 1613 583 1678 protervus
602 1610 719 1664 Africus.
993 1611 994 1666 ξ

109 1683 153 1738 Sic
170 1685 278 1752 placetl
302 1703 337 1738 an
354 1685 450 1738 melius
468 1685 528 1753 quis
546 1685 630 1739 habet
648 1685 763 1738 suadere
772 1685 994 1742 l—Seounda

143 1759 243 1813 Ratem
261 1776 392 1826 occupare
410 1760 477 1826 quid
494 1775 631 1813 moramur
648 1761 713 1814 alite
720 1762 731 1814 l
993 1765 994 1774 ’

108 1833 190 1888 Sed'
178 1851 303 1900 juremus
320 1835 348 1887 in
365 1835 447 1888 haec:
469 1834 578 1887 Simul
571 1836 631 1888 nnis
649 1852 714 1889 saxa
726 1831 847 1892 renarint

141 1909 229 1962 Vadis
246 1909 342 1977 levata,
359 1925 395 1962 ne
411 1908 502 1963 redire
520 1911 557 1964 sit
573 1911 667 1975 nefas;

106 1985 170 2038 Neu
187 2000 316 2049 conversa
333 1984 443 2037 domurn
460 1983 554 2053 pigeat
571 1985 637 2040 dare
655 1986 745 2054 lintea,
763 1987 873 2055 quando

141 2061 232 2114 Padus
251 2061 357 2114 Matina
374 2061 470 2114 laverit
488 2061 634 2130 cacumina,

106 2135 139 2189 In
157 2153 231 2190 mare
250 2153 298 2190 seu
314 2137 402 2190 celsus
419 2137 584 2206 procurrerit
601 2137 769 2206 Apenninus,

139 2211 165 2264 N
167 2229 270 2280 ovaque
288 2216 408 2265 monstra
421 2211 545 2278 junxerit
563 2212 681 2274 libidine,

104 2285 192 2339 Mirus
210 2303 292 2352 amor,
306 2285 386 2352 juvet
401 2290 434 2340 ut
450 2287 536 2354 tigres
555 2287 694 2342 subsidere
712 2287 806 2352 cervis,

139 2362 326 2420 Adulteratur,
339 2365 367 2413 et
385 2361 508 2414 columba
525 2361 615 2428 miluo,

103 2436 221 2490 Credula
238 2452 287 2489 nec
305 2451 384 2488 ravos
401 2437 517 2490 timeant
535 2439 658 2490 armenta
677 2437 775 2503 leones,

138 2513 275 2579 Ametque
293 2511 363 2564 salsa
380 2511 447 2564 levis
465 2511 555 2564 hircus
573 2528 699 2579 aequora.

101 2586 178 2640 Haec
195 2591 224 2640 et
241 2601 311 2654 quae
328 2589 458 2655 poterunt
475 2587 580 2638 reditus
598 2585 756 2640 abscindere
773 2583 868 2640 dulces
926 2603 952 2643 as

134 2663 234 2716 Eanms
252 2662 339 2715 omnis
358 2665 497 2714 exsecrata
515 2662 618 2728 civitas,
993 2655 994 2666 ¹

99 2737 158 2790 Aut
174 2754 238 2806 pars
255 2737 364 2790 indocili
381 2737 476 2789 melior
493 2753 590 2804 grege3
608 2735 696 2790 mollis
714 2739 743 2790 et
760 2751 859 2804 exspes

36 2863 38 2868 .
99 2863 101 2870 ,
132 2812 285 2865 inominata
302 2813 453 2881 perprimat
471 2813 587 2877 cubilia;

96 2885 153 2940 Vos
171 2887 269 2954 quibus
288 2891 331 2940 est
348 2888 434 2940 virtus
452 2887 613 2940 muliebrem
630 2887 719 2940 tollite
735 2885 841 2940 luctum

129 2962 244 3013 Etrusca
261 2966 370 3028 praeter
388 2967 417 3015 et
434 2963 523 3014 volate
540 2961 640 3014 littora.
913 2975 938 3010 so

95 3031 152 3087 Nos
169 3039 263 3087 manet
281 3035 402 3088 Oceanus
420 3037 616 3101 circumvagus:
637 3051 708 3099 arva
725 3034 808 3088 beata
861 3059 863 3066 ·

133 3107 262 3160 Petamus
280 3123 344 3160 arva
361 3109 460 3161 divites
478 3113 508 3161 et
523 3109 632 3177 imulas,
652 3113 657 3119 '
