2044 3416
103 80 151 128 lta
377 81 531 130 HORATII
548 81 678 131 FLAGOI

101 157 215 212 Invitus
251 157 327 225 Fuge
343 174 455 226 magna:
473 160 538 214 licet
556 160 607 214 sub
625 176 745 229 paupere
762 164 836 217 tecto

101 232 192 299 Reges
210 235 240 286 et
257 249 354 300 regum
372 235 429 288 vita
445 252 622 303 praecurrere
640 236 747 290 amicos

101 305 205 360 Gervus
222 324 323 376 equum
340 325 431 377 pugna
448 310 544 363 melior
561 310 748 364 communibus
765 309 858 366 herbis

102 381 234 450 Pellebat,
252 382 339 437 donee
356 385 444 438 minor
461 385 489 438 in
507 387 655 440 certamine
675 386 756 454 longo
952 407 983 446 ss

103 457 263 526 Imploravit
280 474 346 527 opes
362 459 479 514 hominis
495 462 657 531 frenumque
674 451 794 532 recepit⁸3

103 533 159 586 Sed
176 537 320 603 postquam
338 535 424 590 victor
441 536 545 590 violeus
563 536 688 592 discessit
704 537 740 590 ab
757 537 836 592 hoste

103 609 129 662 N
131 626 166 663 ou
184 611 304 678 equitem
322 611 410 679 dorso,
428 628 482 666 non
499 613 607 666 frenum
625 611 731 681 depulit
749 628 803 665 ore.

103 683 148 738 Sic
165 685 212 753 qui
230 687 388 754 pauperiem
406 687 510 741 veritus
528 687 634 755 potiore
651 687 768 742 metallis

104 759 245 814 Libertate
262 764 346 824 caret,
364 761 504 816 dominum
521 763 596 817 vehit
617 761 757 831 improbus
775 764 858 830 atque

104 834 211 889 Serviet
227 838 377 904 aeternum,
394 838 459 906 quia
475 855 560 906 parvo
578 838 681 892 nesciet
699 837 748 891 uti.

104 908 156 963 Oui
173 927 227 964 non
245 911 386 965 conveniet
405 929 522 980 suares,
541 916 574 967 ut
591 913 696 966 calceus
714 912 786 979 olim,

104 984 134 1038 Si
151 986 222 1054 pede
239 986 327 1055 major
345 987 398 1041 erit
416 987 566 1056 subvertet,
584 988 607 1047 si
625 988 713 1041 minor
729 990 800 1043 uret.

104 1059 206 1116 Laetus
224 1065 297 1117 sorte
314 1065 363 1116 tua
380 1062 454 1117 vives
475 1064 619 1132 sapienter,
639 1062 735 1130 Aristi,

104 1135 131 1190 N
133 1153 164 1192 ec
181 1155 225 1193 me
231 1137 365 1201 xdimittes
382 1139 573 1207 incastigatum
589 1139 638 1193 ubi
655 1138 735 1208 plura
943 1157 975 1198 ιε

105 1212 209 1282 Cogere
226 1231 307 1282 quam
324 1215 393 1268 satis·
409 1218 452 1268 est
470 1231 501 1268 ac
517 1232 571 1268 non
588 1231 696 1272 cessare
713 1211 833 1268 videbor.

83 1288 86 1292 ’
105 1287 294 1362 Imperataut
311 1290 397 1344 servit
414 1291 526 1344 collecta
542 1289 658 1360 pecunia
675 1288 780 1357 cuique,

104 1363 217 1418 Tortmn
235 1363 318 1434 digna
335 1365 412 1433 sequi
429 1367 520 1434 potius
538 1383 621 1434 quam
638 1365 740 1418 ducere
757 1364 856 1418 funem

105 1438 183 1494 Haec
200 1439 252 1493 tibi
268 1440 406 1494 dictabam
423 1444 486 1509 post
500 1441 595 1493 tanum
611 1443 693 1508 putre
712 1438 847 1504 Vacunae,

105 1515 227 1585 Excepto
245 1516 319 1585 quod
336 1532 390 1570 non
407 1515 486 1570 simul
505 1532 579 1592 esses
596 1518 705 1569 caetera
722 1513 817 1570 laetias.
940 1530 972 1573 ea

438 1702 444 1714 .
501 1657 553 1714 XI.

104 1738 180 1804 Qum
197 1739 248 1794 tibi
266 1741 323 1794 visa
342 1739 430 1806 Chios,
450 1739 560 1808 Bullati,
578 1743 697 1810 notaque
715 1739 826 1808 Lesbos,

105 1815 179 1879 Quid
196 1815 325 1868 concinna
343 1814 444 1882 Samos,
463 1816 531 1884 quid
549 1815 643 1870 Croesi
660 1816 736 1884 regia
754 1817 862 1884 Sardes,
911 1873 917 1877 g
1019 1825 1020 1828 ’

105 1890 219 1957 Smyrna
236 1889 303 1957 quid
320 1893 349 1944 et
368 1890 523 1959 Colophon?
539 1899 541 1902 '
558 1891 667 1960 Majora
683 1892 821 1946 minorave
838 1891 923 1958 fama,

105 1966 245 2018 Cunctane
263 1982 329 2033 prae
348 1965 449 2034 Campo
467 1969 497 2020 et
514 1966 642 2020 Tiberino
660 1967 770 2020 flumine
788 1967 922 2022 sordenti

105 2042 152 2096 An
169 2041 244 2096 venit
261 2042 290 2095 in
306 2044 401 2096 votum
419 2042 548 2096 Attalicis
566 2059 601 2096 ex
620 2041 734 2096 urbibus
751 2059 812 2110 una,
951 2059 968 2100 ⁵

106 2119 151 2171 An
170 2116 312 2171 Lebedum
329 2117 424 2170 laudas
442 2118 506 2170 odio
522 2118 605 2172 maris
623 2121 707 2187 atque
723 2117 845 2172 viarumt

104 2189 163 2246 Scis
181 2192 308 2246 Lebedus
326 2192 394 2260 quid
411 2193 461 2258 sit3
480 2193 575 2248 Gabiis
593 2193 728 2247 desertior
744 2196 829 2262 atque

105 2267 217 2321 Fidenis
234 2268 324 2332 vicus;
341 2271 435 2320 tamen
452 2269 617 2330 illievivere
634 2269 738 2334 vellem,

3 2389 4 2412 ζ
104 2342 267 2410 Oblitusque
285 2358 407 2395 meorum
426 2342 624 2397 obliviscendus
642 2348 672 2398 et
689 2344 742 2396 illis

3 2419 4 2494 J
103 2418 265 2486 Neptunum
283 2416 377 2485 procul
395 2433 411 2471 e
428 2420 503 2472 terra
520 2424 643 2487 spectare
661 2420 805 2473 furentem.
938 2437 964 2475 re

104 2494 160 2549 Sed
177 2510 268 2562 neque
286 2492 334 2562 qui
353 2493 446 2561 capua
464 2493 579 2548 Romam
596 2495 667 2564 petit
685 2494 772 2548 imbre
789 2494 904 2562 lutoque

104 2571 262 2639 Adspersus
279 2569 354 2623 volet
371 2568 400 2622 in
417 2581 538 2636 caupona
555 2571 661 2637 vivere;
678 2587 729 2624 nec
746 2569 792 2639 qui

4 2649 6 2728 l
104 2647 203 2714 Frigus
221 2645 331 2712 collegit
348 2644 442 2698 furnos
460 2648 490 2699 et
507 2645 605 2700 balnea
621 2645 731 2700 laudat'

4 2735 6 2746 ¹
103 2721 145 2776 Ut
162 2722 330 2775 fortunatam
347 2720 428 2790 plene
445 2721 614 2789 praestantia
632 2722 731 2784 vitam,

103 2797 130 2850 N
132 2815 164 2851 ec
181 2797 204 2850 si
221 2799 251 2849 te
268 2796 374 2849 validus
387 2795 535 2864 jactaverit
553 2798 659 2850 Auster
676 2796 704 2849 in
722 2795 785 2864 alto,
939 2809 963 2849 ιε

4 2887 6 2938 ff
104 2873 211 2926 Idcirco
228 2888 325 2925 navem
343 2875 419 2925 trans
439 2873 580 2938 Aegaeum
597 2888 673 2925 mare
690 2871 800 2925 vendas.

5 2963 6 2984 ³
105 2946 237 2998 Incolumi
257 2945 368 2997 Rhodos
387 2949 417 2998 et
434 2944 565 3013 Mytilene
583 2947 697 3013 pulchra
713 2946 779 3000 facit
797 2939 872 3013 quod

5 3035 9 3060 1·
105 3018 226 3070 Paenula
242 3019 367 3085 solstitio,
386 3025 540 3086 campestre
558 3021 692 3074 nivalibus
709 3021 791 3088 auris,

104 3091 160 3144 Per
176 3091 301 3144 brumam
319 3091 432 3145 'liberis
451 3093 549 3146 Sextili
566 3110 659 3148 mense
677 3096 805 3164 caminus.
