2036 3416
318 127 525 178 CARMINUM
542 128 596 178 111.
614 132 636 180 6.

231 207 261 264 Si
278 208 383 276 pugnat
400 206 536 262 extricata
552 207 646 262 densis

265 284 354 338 Gerra
370 283 459 351 plagis
476 283 531 336 erit
547 283 595 337 ille
613 281 692 338 lortis

199 359 250 424 Qui
267 357 382 426 perfidis
399 374 430 412 se
447 358 567 412 eredidit
584 356 715 424 hostibus,

199 435 236 490 lit
252 433 344 487 Marte
363 430 470 487 Poenos
487 437 611 501 proteret
627 433 714 488 altero

232 509 285 574 Qui
302 509 360 562 lora
376 509 513 562 restrictis
529 508 639 562 lacertis

265 583 358 638 Sensit
374 583 448 637 iners
464 583 613 652 timuitque
629 587 752 640 mortem.

198 658 252 714 Hic
268 658 344 712 unde
360 659 446 713 vitam
464 662 586 712 sumeret
602 658 703 712 inscius

85 747 89 757 ·
199 734 298 788 Pacem
315 733 408 788 duello
425 733 542 788 miscuit.
577 733 723 802 Opudor!

232 808 256 863 0
274 824 372 876 magna
390 808 540 876 Karthago,
556 807 696 878 probrosis

266 883 358 937 Altior
376 883 474 937 Italiae
491 883 577 937 ruinis
588 883 610 938 l'

197 957 298 1012 Fertur
313 957 429 1028 pudiese
446 957 569 1026 conjugis
586 957 708 1012 osculnm

198 1030 353 1102 Parvosque
370 1037 449 1087 natos
466 1037 499 1086 ut
516 1033 613 1101 eapitis
630 1033 718 1086 minor

231 1108 279 1163 sb
296 1125 327 1162 se
344 1109 492 1162 removisse
509 1113 539 1162 et
556 1108 662 1161 virilem

264 1183 367 1236 'Porrus
384 1184 460 1238 humi
477 1183 599 1251 posuisse
616 1182 738 1244 vultum:

197 1257 290 1312 Donee
307 1257 432 1312 labantes
448 1258 560 1312 oonsilio
576 1261 670 1327 patres

197 1332 332 1388 Firmaret
349 1337 444 1388 suntor
460 1349 598 1402 nunquam
615 1333 683 1387 elias
699 1333 771 1400 dato,

230 1409 363 1478 Interque
380 1411 536 1462 maerentes
553 1407 654 1461 amieos

262 1483 398 1552 'Egregius
415 1487 575 1553 properaret
592 1483 677 1537 exsul.

199 1559 287 1627 Atqui
305 1559 408 1613 sciebat
425 1575 496 1628 quae
514 1557 566 1611 sibi
584 1557 716 1612 barbarus

198 1631 296 1688 Tortor
311 1637 440 1703 pararet;
456 1649 511 1688 non
527 1634 608 1687 aliter
624 1637 716 1686 tamen

231 1705 354 1763 Diinovit
371 1709 512 1763 obstantes
528 1709 695 1778 propinquos

264 1783 302 1838 ltt
317 1784 448 1852 populum
465 1783 572 1837 reditus
588 1786 749 1849 morantem,

199 1857 285 1922 Quam
302 1859 326 1911 si
343 1859 473 1912 clientum
491 1858 571 1924 longa
588 1858 698 1926 negotia

152 1947 158 1954 ·
199 1933 357 2001 Dijudioeta
374 1933 425 1987 lite
441 1933 619 2002 relinqueret,

232 2008 360 2063 Tendens
377 2008 548 2061 Venafranos
565 2008 594 2060 iu
611 2021 691 2075 agros
721 2071 723 2075 ,
885 2025 909 2068 ⁵5

265 2085 326 2138 Aut
343 2083 589 2137 Lacedaemonium
607 2082 760 2135 Tarentum

460 2227 512 2280 VI.

198 2307 324 2362 Demens
340 2305 475 2376 majorum
492 2307 644 2362 immeritus
661 2308 728 2378 lues,

199 2383 331 2450 Romane,
349 2384 436 2438 donee
453 2383 557 2452 templa
573 2383 703 2438 refeceris

233 2458 383 2527 Aedesque
401 2458 525 2512 labentes
542 2458 655 2512 deorum
672 2462 703 2512 et

267 2533 361 2586 Foede
377 2533 455 2600 nigro
473 2532 617 2586 simulacra
633 2533 714 2588 sumo.

24 2613 25 2622 ¹
103 2677 106 2682 1
198 2605 249 2661 Dis
265 2611 296 2661 te
312 2608 445 2662 minorem
463 2608 537 2677 quod
553 2608 626 2676 geris
643 2607 779 2676 imperas:

199 2681 272 2736 Hine
289 2699 370 2736 omne
386 2683 557 2752 principium,
575 2683 628 2736 huo
645 2682 719 2736 refer
735 2681 846 2736 exitum.

231 2756 269 2810 Di
286 2757 374 2810 multa
390 2757 507 2826 neglecti
525 2757 662 2811 dedemnt

267 2831 421 2900 Hesperiae
438 2831 510 2886 mele
526 2831 672 2886 luctuosae.

198 2906 263 2960 Jam
280 2906 324 2959 bis
342 2907 487 2960 Monaeses
504 2910 534 2964 et
552 2904 646 2958 Pacori
663 2920 760 2960 manus

186 2980 261 3048 ¹lion
279 2981 434 3050 auspicatos
451 2980 577 3034 contudit
587 2979 712 3054 ,impetus
887 2995 908 3036 ro

232 3055 349 3110 Nostros
366 3059 397 3109 et
413 3055 548 3123 adjecisse
565 3053 696 3125 praedam
766 3120 767 3124 ἵ
786 3061 788 3066 “

266 3129 420 3198 Torquibus
437 3129 543 3194 exiguis
560 3128 676 3182 renidet.
