2008 3416
371 95 530 158 nouum
543 94 680 148 rusum.

204 173 375 232 Exercitatas
391 173 441 232 aut
456 177 529 246 petit
547 178 641 246 Syrtes
658 177 741 247 Noto,
845 225 847 230 .

238 252 298 307 Aut
314 253 403 307 fertur
419 252 523 306 incerto
540 252 616 306 mari

204 327 364 396 Oapaoiores
379 327 447 381 affer
463 321 524 395 huc,
541 344 616 396 puer,
635 328 753 398 scyphos

238 403 276 458 Et
293 403 362 458 chia
378 403 440 457 vina
457 404 505 458 aut
522 403 629 459 Lesbia.
756 469 763 474 ᾖ

205 476 265 546 Vel,
282 479 357 548 quod
373 477 504 532 fluentem
519 493 648 534 nauseam
665 483 796 550 ooeroeat,

239 553 340 608 Metire
356 552 435 607 nobis
452 553 620 610 Caecubum:

206 626 306 682 Curam
322 632 481 699 metumque
499 629 623 684 Caesaris
639 646 731 685 rorum
744 629 824 699 jurat

239 703 320 758 Duloi
337 703 426 770 Lyaeo
436 704 556 762 solvere.

97 913 98 916 ¹
206 927 293 983 Mars
310 930 398 983 soluta
413 929 489 984 navis
503 846 564 984 exrit
580 929 647 986 alite

241 1004 343 1058 Ferens
360 1005 480 1058 olentem
497 1004 646 1060 Maeuium:

206 1078 247 1134 Ut
263 1079 381 1134 horridis
397 1083 546 1149 utrumque
563 1079 692 1135 verberes
708 1081 788 1151 latus,

242 1156 352 1224 Auster,
369 1159 506 1210 memento
523 1155 666 1210 fluctibus!

206 1231 294 1299 Niger
309 1231 441 1286 rudentes
459 1231 549 1284 Eurus
565 1231 674 1286 inverso
690 1229 760 1285 mari

242 1307 408 1376 Fractosque
425 1322 516 1361 remos
532 1305 643 1360 differat
651 1325 659 1371 ;

208 1381 337 1450 Insurgat
354 1382 456 1451 Aquilo
472 1385 591 1450 quantus
608 1381 671 1435 altis
688 1379 825 1434 montibus

242 1457 356 1525 Frangit
372 1461 523 1512 trementes
540 1455 633 1521 ilioee;

208 1531 267 1586 Nee
284 1533 361 1586 sidus
378 1537 439 1588 atra
456 1535 536 1586 noeto
554 1531 670 1585 amioum
687 1531 818 1600 appareat

242 1607 302 1672 Qua
318 1607 406 1662 tristis
424 1607 509 1662 Orion
525 1607 617 1671 oadit;

207 1681 348 1747 Quietiora
364 1699 415 1737 neo
432 1683 536 1736 feratur
552 1697 671 1751 aequore

242 1757 329 1822 Quam
347 1757 431 1811 Graia
447 1758 580 1811 victorum
597 1773 701 1824 manus,

206 1831 277 1887 Cum
295 1831 385 1886 Pallas
401 1835 464 1886 usto
480 1832 566 1887 vertit
582 1831 651 1886 iram
668 1831 704 1886 ab
721 1831 774 1887 llio

241 1907 276 1960 Iu
293 1906 404 1975 impiam
422 1906 517 1975 Ajaois
533 1910 636 1962 ratem!

206 1981 231 2035 0
249 1985 367 2050 quantus
384 1982 469 2037 instat
486 1982 586 2037 navitis
604 1981 687 2036 sudor
704 1981 766 2046 tuis,
929 1996 953 2038 ιε

149 2065 155 2074 “
240 2056 355 2127 'libique
371 2057 458 2126 pallor
474 2056 566 2112 luteus

206 2130 244 2186 lit
260 2132 307 2186 illa
322 2148 377 2186 nou
387 2132 479 2188 ,virilis
496 2131 610 2200 ejulatio

241 2207 340 2260 Preces
356 2209 387 2260 et
403 2223 528 2262 aversum
545 2207 581 2261 ad
598 2207 705 2275 lovem,

206 2280 300 2335 Ionius
316 2281 372 2336 udo
388 2297 450 2336 oum
468 2282 623 2350 remugiens
640 2282 713 2336 sinus

239 2355 313 2410 Noto
329 2357 448 2410 carinam
464 2358 584 2426 ruperit!
925 2364 951 2405 2⁰

205 2429 304 2499 Opima
320 2431 418 2500 quodsi
435 2433 537 2501 praeda
554 2447 637 2486 ourvo
654 2431 749 2486 littore

240 2507 370 2562 Porrecta
386 2524 493 2576 mergos
507 2507 622 2575 juveris,

205 2579 379 2636 libidinosus
396 2582 579 2638 immolabitur
595 2598 676 2651 oaper

239 2657 277 2712 Et
293 2673 363 2726 agna
381 2657 620 2728 Tempestatibua,

497 2798 548 2853 XI.

170 2880 263 2945 Parui,
280 2880 348 2936 nihil
365 2897 410 2935 me
428 2880 497 2936 sicut
515 2885 595 2936 antea
608 2881 690 2950 juvat

204 2955 329 3009 Scribere
347 2956 492 3010 versiculos
510 2973 601 3012 amore
618 2973 778 3026 percussum
793 2957 879 3027 gravi,

169 3029 273 3082 Amore
290 3031 337 3098 qui
354 3047 399 3084 mo
415 3035 525 3099 praeter
541 3048 636 3086 omnes
653 3032 761 3101 expetit

202 3099 333 3156 Mollibus
349 3103 378 3156 iu
394 3105 486 3171 pueris
502 3109 551 3160 aut
567 3106 596 3160 in
612 3106 711 3176 puellis
727 3122 813 3169 urere
