2044 3416
110 105 156 154 loo
381 103 533 154 HORA'HI
550 105 681 155 nancel

108 181 200 238 Dente
216 183 349 247 lacessiti;
372 184 425 238 fuit
442 185 554 238 intactis
572 201 680 254 quoque
701 202 769 240 cura

108 259 270 313 Conditione
289 275 371 328 super
388 261 540 326 communi;
567 261 634 329 quin
651 261 736 315 etiam
753 263 818 320 lex.

107 331 254 402 Poenaque
272 335 329 388 lata
347 335 417 388 malo
435 351 506 403 quae
523 334 609 388 nollet
627 337 746 388 carmine
763 352 937 406 quemquam

107 408 247 476 Describi;
271 413 379 463 vertere
397 410 515 474 modum,
532 410 678 464 formidine
695 410 777 465 iustis

108 485 156 538 Ad
173 485 245 540 bene
263 485 410 540 dicendum
428 485 673 554 delectandumque
691 486 803 542 redacti
928 505 968 548 ras

107 559 222 614 Graecia
239 565 320 630 capta
336 561 425 616 ferum
442 563 573 615 victorem
590 561 664 629 cepit
681 565 711 615 ct
728 566 802 616 artos

107 635 208 690 Intulit
225 637 326 704 agresti
345 636 440 702 Latio;
464 637 503 690 sic
515 636 647 691 'horridus
658 637 711 691 -ille

106 710 231 766 Deduxit
247 729 377 765 numerus
396 713 540 766 Satmnius
558 717 587 766 et
605 729 689 780 grave
706 713 780 767 virus

106 785 261 840 Munditias
278 787 424 855 pepulere;
448 787 543 841 sedin
561 787 670 856 longum
687 791 780 842 tamen
797 805 896 844 aevum

106 860 267 916 Mauserunt
284 862 420 931 hodieque
437 867 549 917 manent
562 864 680 930 vestigia
696 855 786 918 ruris(
925 882 963 921 rso

105 937 189 992 Serus
206 938 278 992 enim
297 938 408 993 Graecis
425 939 547 993 admovit
565 939 688 993 acumina
705 938 813 1009 chartis,

105 1013 143 1068 Ilt
159 1019 222 1084 post
241 1014 342 1068 Punice
359 1013 431 1068 bella
447 1015 557 1083 quietus
575 1031 707 1083 quaerere
724 1017 814 1084 coepit

105 1089 180 1154 Quid
198 1090 344 1160 Sophocles
360 1093 391 1144 et
402 1090 517 1158 Thespis
535 1093 565 1144 et
578 1089 727 1159 Aeschylus
744 1091 812 1144 utile
829 1091 951 1150 ferrent.

105 1165 231 1220 Tentavit
249 1182 357 1236 quoque
373 1181 440 1234 rem,
457 1165 481 1218 si
498 1165 580 1231 digne
598 1169 706 1219 vertere
723 1171 822 1234 posset,

105 1240 142 1295 Et
158 1242 261 1310 placuit
279 1243 338 1312 sibi,
356 1246 455 1296 natura
472 1240 595 1295 sublimis
612 1244 643 1294 et
659 1257 737 1308 acer3
919 1259 962 1301 ιω

104 1316 178 1371 Nam
196 1319 284 1386 spirat
300 1318 436 1386 tragicum
453 1317 521 1370 satis
538 1319 568 1370 et
583 1315 700 1370 feliciter
711 1315 808 1386 ,audet

105 1392 162 1447 Sed
180 1397 289 1462 turpem
307 1397 387 1461 putat
404 1392 502 1445 inseite
519 1391 673 1460 metuitque
691 1391 808 1446 lituram.

104 1467 234 1522 Creditur
251 1485 287 1522 ex
303 1467 394 1525 medie
412 1467 476 1535 quia
493 1483 538 1520 res
554 1467 668 1522 arcessit
685 1466 787 1520 habere

104 1543 219 1598 Sudoris
235 1543 384 1611 minimum,
402 1542 453 1596 sed
470 1541 555 1596 habet
571 1541 711 1596 comoedia
727 1545 806 1596 tante

105 1619 171 1673 Plus
182 1620 271 1674 oneris
284 1622 386 1687 quanto
397 1617 492 1672 veniae
504 1618 600 1671 minus.
631 1617 759 1686 Adspice,
773 1617 889 1672 Plautus
918 1634 960 1675 rm

104 1695 165 1759 Quo
182 1699 263 1764 pacto
280 1698 374 1764 partes
392 1697 500 1748 tutetur
516 1693 634 1748 amantis
651 1693 757 1763 ephebi,

103 1771 145 1825 Ut
161 1772 247 1838 patris
265 1769 373 1835 attenti,
391 1768 495 1822 lenonis
512 1773 545 1824 ut
562 1769 698 1835 insidiosi3

103 1845 228 1910 Quantus
245 1845 282 1898 sit
300 1844 458 1897 Dossennus
475 1843 606 1898 edacibus
618 1845 651 1897 in
668 1844 802 1914 parasitis,

104 1922 192 1986 Quam
209 1937 263 1975 uon
281 1919 412 1973 adstricto
429 1925 572 1988 percurrat
589 1919 695 1989 pulpita
712 1937 803 1986 socc03

103 1998 195 2053 Gessit
206 1997 278 2052 enim
289 2011 429 2050 nummum
442 1995 469 2048 in
481 1995 582 2049 loculos
594 1996 747 2063 demittere,
760 1999 824 2064 post
836 1995 889 2050 hoc
917 2011 957 2052 115

103 2075 220 2129 Semnus
238 2074 319 2142 cadat
336 2089 372 2126 au
389 2075 465 2126 recto
483 2075 539 2126 stet
556 2072 648 2126 fabula
665 2071 728 2126 talo.
807 2101 809 2104 ·

103 2151 191 2215 Quem
208 2151 273 2204 tulit
288 2148 326 2203 ad
343 2163 453 2202 scenam
469 2151 582 2200 ventoso
600 2147 693 2202 Gloria
709 2164 791 2201 curru

103 2225 248 2296 Exanimat
265 2225 356 2279 lentus
374 2225 520 2291 spectator,
539 2223 650 2276 sedulus
668 2222 761 2277 inflat:

5 2341 6 2366 ,
103 2301 148 2354 Sic
165 2300 233 2367 leve,
252 2300 290 2352 sic
307 2313 421 2367 parvum
439 2301 489 2365 est,
507 2297 626 2351 animum
643 2298 718 2367 quod
733 2298 822 2352 laudis
835 2314 953 2354 ararum

5 2423 6 2426 ,
102 2376 217 2431 Subruit
232 2378 282 2428 aut
299 2373 395 2427 reiicit.
430 2371 530 2426 Valeat
547 2389 592 2428 res
609 2373 713 2428 ludicra
730 2374 753 2428 si
770 2390 815 2428 me
916 2389 953 2430 rso

103 2451 198 2506 Palma
214 2453 314 2519 uegeta
330 2463 459 2516 macrum,
476 2447 579 2510 donate
595 2449 702 2503 reducit
718 2449 846 2518 opimum.

5 2519 6 2566 1
102 2529 189 2598 Saepe
207 2528 290 2582 etiarn
308 2523 439 2578 audacem
456 2523 534 2590 fugat
551 2524 602 2577 hoc
619 2527 761 2592 terretque
778 2529 896 2593 poetam,

5 2617 8 2684 ξ
102 2605 182 2669 Quod
199 2618 311 2658 munero
328 2600 428 2669 plures,
446 2599 550 2652 virtute
566 2603 596 2653 et
613 2599 714 2654 honore
732 2599 857 2667 minores,

5 2695 7 2710 ¹
103 2681 211 2734 Indocti
227 2677 429 2745 stolidique-et
446 2674 604 2742 depugnare
621 2675 711 2744 parati

5 2757 7 2776 ²
100 2755 131 2808 Si
149 2755 288 2808 discordet
305 2767 397 2820 eques,
415 2749 506 2813 medin
522 2747 598 2803 inter
614 2751 735 2804 carmina
751 2754 866 2819 poscunt
916 2765 953 2808 iss

5 2827 6 2880 3
101 2832 161 2884 Aut
177 2835 271 2883 ursum
288 2831 336 2881 aut
353 2825 473 2895 pugiles;
495 2824 539 2878 his
556 2841 620 2881 nam
637 2825 779 2894 plebecula
796 2825 910 2894 plaudit

101 2905 205 2958 Verum
222 2903 324 2972 equitis
341 2918 450 2970 quoque
463 2901 524 2969 jam
541 2901 669 2969 migravit
686 2901 721 2955 ab
738 2918 804 2955 aure
822 2901 951 2970 voluptas
1013 2921 1014 2974 g

5 2989 6 3048 1
100 2974 196 3029 Omnis
212 2979 249 3030 ad
266 2979 384 3029 incertos
401 2975 492 3028 oculos
510 2980 539 3029 et
556 2977 657 3044 gaudia
674 2993 751 3030 vana.

5 3049 7 3084 ῑ
101 3049 236 3110 Quattuor
253 3055 303 3102 aut
319 3050 411 3115 plures
428 3051 523 3102 aulaea
540 3054 702 3116 premuntur
719 3053 748 3105 iu
765 3052 853 3120 horus,

5 3165 7 3178 .
101 3121 174 3171 Dum
184 3122 294 3185 fugiunt
305 3123 427 3187 equiturn
439 3126 546 3175 turmae
557 3126 737 3194 peditumque
748 3131 888 3189 cateruam
913 3143 949 3184 ise
