2008 3416
314 108 563 160 SATIRARUMI.
577 113 601 162 6.
863 113 906 162 121

55 187 104 254 Qui
121 188 246 259 stupet
236 205 266 244 nr
282 190 372 245 titulis
389 194 419 246 et
435 191 605 260 imaginibus
640 192 714 258 Quid
730 196 840 273 oportet

54 265 109 319 llos
125 265 221 320 facere
237 281 254 318 a
272 266 353 334 vulgo
370 266 450 335 longe
467 267 602 335 longeque
619 269 755 321 remotosl

55 341 181 410 Namque
199 344 260 396 esto
276 342 392 410 populus
411 343 527 397 Laevino
545 342 640 396 mallet
656 343 786 397 honorem

55 416 141 481 Quam
161 417 248 470 Decio
265 418 397 472 mandare
413 434 490 486 novo,
509 435 659 487 censorque
676 423 797 475 moveret
887 435 910 475 ro

55 493 164 562 Appius
180 493 301 562 ingenuo
318 493 342 546 si
359 509 414 546 non
431 510 519 556 essem
536 498 616 563 patre
633 497 727 548 natus:

55 568 107 622 Vel
124 568 227 622 merito
245 569 374 636 quoniam
391 569 420 622 in
436 569 547 638 propria
563 586 618 623 non
635 569 706 638 pelle
724 569 867 638 quiessem

54 643 110 697 Sed
126 643 253 711 fulgente
270 643 357 698 trrrhit
373 645 534 700 constrictos
552 645 647 699 Gloria
664 642 752 698 ourm'

55 712 116 772 lion
134 719 228 772 minus
244 718 353 787 ignotos
369 720 516 787 generosis.
552 720 612 784 Quo
629 719 688 788 tibi,
706 719 776 790 'lilii

55 794 170 849 Sumere
187 794 346 864 depositum
364 795 469 849 olavum
487 795 602 864 fierique
619 795 747 850 tribuno?
885 810 910 850 ιε

55 870 164 924 Invidia
181 871 300 926 accrevit
317 870 422 938 privato
440 888 510 940 quas
527 872 616 924 minor
634 874 714 925 esset.

55 943 125 999 llam
143 949 178 1000 ut
196 947 312 1016 quisque
329 947 438 1000 insanm
456 947 541 1015 nigris
558 946 679 1000 medium
696 945 821 1014 impediit
834 963 897 1002 crus

55 1021 177 1076 Pellibus
195 1026 226 1076 et
242 1021 329 1076 latum
346 1021 457 1076 demisit
473 1026 586 1091 pectore
603 1022 715 1089 clavum,

55 1097 146 1152 Audit
157 1097 300 1152 continno:
312 1097 396 1162 “Quis
407 1098 488 1152 homo
499 1098 544 1152 hio
555 1099 615 1152 esti
633 1114 687 1167 qno
699 1100 779 1167 patre
790 1097 907 1152 natmff’t

54 1171 134 1226 Ut'
111 1190 136 1226 sn
155 1172 206 1242 qui
222 1175 347 1240 aegrotet
364 1189 418 1242 quo
435 1173 530 1228 morbo
548 1174 658 1241 Barrus,
675 1172 771 1228 haberi
884 1188 909 1228 ao

54 1247 93 1302 Ut
110 1249 207 1316 cupiat
223 1247 364 1314 formosus,
381 1252 427 1302 eat
444 1265 604 1318 quacunque
622 1241 733 1318 puellis

6 1319 7 1328 ’
54 1323 181 1398 Injioiat
185 1339 278 1377 euram
296 1324 444 1393 quaerendi
462 1325 576 1393 singula,
594 1325 668 1392 quali

54 1399 95 1453 sit
112 1391 193 1467 faeie,
210 1415 280 1466 sura,
299 1399 372 1487 quali
389 1399 469 1468 pede,¹
487 1400 579 1468 dente,
597 1399 706 1468 capillo:

54 1474 97 1529 Sic
115 1475 165 1543 qui
183 1475 321 1544 promittit
337 1475 417 1543 cives,
433 1476 531 1530 urbem
549 1475 601 1529 sibi
618 1491 707 1540 curae,

54 1550 208 1619 Imperium
224 1550 283 1604 iore
300 1553 330 1605 et
347 1551 464 1619 Italiam,
482 1550 598 1604 delubra
615 1551 735 1618 deornm,
885 1565 909 1605 ss

55 1625 114 1690 Quo
131 1629 214 1695 patre
231 1626 268 1679 sit
284 1628 371 1694 natus,
389 1642 456 1680 num
472 1627 567 1694 ignota
583 1629 672 1680 matre
689 1626 855 1694 inhonestus,

54 1701 158 1756 Omnes
175 1701 306 1756 mortales
323 1718 418 1756 curare
435 1705 465 1756 et
482 1718 616 1770 quaerere
633 1701 713 1770 cogit.
789 1709 791 1713 ·
856 1745 859 1752 .

54 1778 154 1832 “Tune
171 1777 240 1846 Syri,
258 1777 369 1844 Damae,
386 1781 443 1832 aut'
453 1778 564 1846 Dionysi
582 1777 661 1845 lilius,
679 1777 765 1832 audes

54 1847 184 1922 Dejicere
201 1870 217 1907 e
235 1869 300 1906 saxo
317 1853 389 1907 cives
406 1857 455 1907 aut
472 1854 584 1908 tradere
602 1820 745 1908 Cadmol'’

55 1929 118 1982 “At
136 1929 163 1982 N
165 1945 242 1982 ornus
260 1929 363 1995 collega
379 1929 468 1998 gadir
485 1933 549 1998 post
565 1945 610 1983 me
629 1929 709 1983 sedet
726 1945 792 1994 uno;
885 1944 909 1984 lo

56 2003 81 2056 N
82 2021 184 2074 amque
194 2008 236 2058 est
243 2003 290 2057 ille
299 2009 378 2072 pater
385 2004 460 2074 quod
467 2011 528 2058 erat
536 2003 634 2058 meus.’'
648 2004 663 2032 “
669 2004 730 2056 Hoc
736 2003 788 2056 tibi
798 2003 908 2058 Paullus

56 2079 94 2134 lit
111 2080 242 2134 Messalla
258 2079 378 2134 viderisl
415 2081 456 2134 At
473 2081 524 2148 hic,
543 2080 567 2133 si
584 2079 689 2148 plostra
706 2079 824 2133 ducenta

56 2156 282 2225 Goncurrantque
299 2156 358 2209 foro
375 2155 430 2210 tria
446 2156 549 2221 funera,
568 2171 667 2223 magna
684 2153 792 2209 sonabit

56 2231 167 2287 Cornua
185 2232 259 2303 qnod
276 2233 421 2300 vincatque
437 2231 519 2287 tubas
528 2253 535 2297 ;
553 2232 649 2286 saltem
667 2234 746 2286 tenet
763 2231 814 2286 hoo
830 2231 901 2286 nos.”

56 2309 138 2363 Nune
155 2309 192 2363 ad
208 2325 252 2363 me
269 2308 354 2363 redeo
371 2307 499 2362 libertino
516 2312 596 2377 patre
614 2311 717 2376 natum,
885 2321 909 2361 ιι

57 2385 146 2449 Quem
163 2385 266 2438 rodunt
284 2400 377 2438 omnes
393 2383 521 2437 libertino
538 2386 618 2452 patre
635 2388 737 2452 natum,

56 2461 138 2514 Nunc
156 2461 221 2529 quia
239 2476 300 2513 sum
316 2459 375 2525 tibi,
394 2460 545 2527 Maecenas,
563 2460 712 2526 convictor;
730 2463 760 2514 et
776 2459 841 2513 olim

57 2535 139 2600 Quod
156 2535 224 2588 mihi
241 2538 352 2604 pareret
368 2534 439 2602 legio
458 2535 581 2588 Romana
598 2535 715 2588 tribuno.

55 2610 197 2666 Dissimile
214 2611 265 2664 hoo
281 2611 322 2664 illi
339 2614 398 2675 est3
416 2611 551 2678 quianon
568 2614 601 2664 nt
619 2611 697 2665 forsit
711 2610 841 2664 honorem

55 2687 129 2741 Jure
146 2687 214 2740 mihi
230 2686 353 2740 invideat
370 2686 459 2755 quivis
475 2686 515 2740 ita
531 2689 562 2740 te
579 2703 688 2755 quoque
705 2685 829 2751 amioum,
886 2699 911 2739 so

56 2763 227 2817 Praesertim
244 2766 355 2817 cautum
373 2762 469 2830 dignos
485 2779 631 2825 assumere,
648 2776 733 2829 prava

55 2837 219 2892 Ambitione
235 2838 336 2907 procul.
372 2837 491 2892 Felicem
509 2839 600 2892 dicere
617 2851 671 2889 non
688 2835 739 2888 hoe

56 2913 106 2968 Me
124 2929 235 2982 possum
253 2929 317 2967 casn
335 2912 410 2981 quod
426 2916 457 2967 te
475 2913 588 2968 sortitus
605 2911 739 2975 anrionm;

55 2988 143 3042 Nulla
157 2989 263 3043 etenim
282 2989 349 3042 mihi
366 2993 395 3043 te
413 2990 469 3043 fors
487 2987 600 3041 obtulit:
618 2985 737 3054 optimus
755 2982 819 3038 olim

55 3063 200 3132 Virgilius,
217 3068 281 3134 post
297 3064 371 3117 hune
389 3064 490 3117 Varius
508 3063 605 3116 dixere
623 3061 691 3130 quid
711 3077 808 3116 essem.
888 3075 912 3115 rs

55 3137 99 3193 Ut
116 3140 181 3194 veni
198 3155 289 3194 coram
306 3138 445 3206 singultim
461 3153 549 3206 panea
565 3137 679 3202 loeutus,
