2008 3416
319 68 465 142 nnonon
482 67 599 130 amna,
619 71 658 119 12.
882 75 915 128 or

123 149 184 206 Hic
202 149 304 204 tertius
321 148 482 216 December,
500 165 535 202 ex
553 165 607 216 quo
625 148 721 204 destiti

160 224 278 280 inachia
295 225 397 291 furere,
415 224 490 277 silvis
507 224 638 278 honorem
658 225 771 281 decutit.

124 301 197 357 Heu
214 317 265 367 me,
283 315 334 369 per
351 299 555 354 Urbem-nam
573 299 660 367 pudet
677 302 748 354 tanti
766 301 867 356 mali-

160 376 270 430 Fabula
287 378 391 444 quanta
407 374 464 429 fui!
502 374 693 428 Oonririorum
710 379 740 430 et
756 379 878 446 poenitet

125 450 162 507 In
181 452 244 520 quis
261 453 400 504 amantem
416 450 530 518 languor
547 453 577 504 et
595 450 734 504 silentium

160 527 265 594 Arguit
282 530 312 581 et
329 527 416 580 latere
432 525 536 594 petitus
554 525 608 578 imo
625 526 744 593 spiritus.
889 544 911 586 lo

123 601 285 656 “Contrane
302 601 408 655 lucrum
425 601 464 653 nil
481 601 570 654 valere
588 600 736 654 candidum

159 677 294 745 Pauperis
311 677 450 744 ingenium
458 676 482 730 ‘l'’
501 675 637 745 querebar
653 676 798 745 applorans
815 675 875 736 tibi.

123 752 214 808 Simul
232 752 345 806 calentis
362 752 560 806 inverecundus
578 751 647 805 deus

158 827 320 881 Fervidiore
337 843 413 880 mero
430 842 528 881 aream
545 830 684 895 promorat
701 826 767 882 loco.

122 902 231 968 Quodsi
248 903 316 956 meis
334 903 471 956 inaestuat
487 902 655 972 praecordiis
888 918 910 960 le

157 977 262 1032 Libera
278 977 349 1045 bilis,
367 981 399 1032 ut
417 977 484 1032 haec
501 979 610 1046 ingrata
626 977 716 1032 ventis
733 976 840 1034 dividat

122 1052 258 1106 Fomenta
274 1053 372 1106 vulnus
389 1053 429 1106 nil
446 1053 547 1107 malum
564 1053 689 1120 levantia,

157 1127 275 1182 Desinet
292 1128 442 1196 imparibus
458 1133 564 1182 certare
582 1131 732 1182 summotus
749 1129 845 1197 pudor.

120 1201 183 1257 Ubi
199 1203 266 1257 haec
284 1219 395 1257 severus
412 1207 442 1257 te
458 1203 549 1272 palam
566 1203 749 1272 laudaveram,

156 1277 257 1331 Jussus
275 1278 351 1332 abire
368 1279 478 1332 domum
494 1278 605 1334 ferebar
622 1279 727 1332 incerto
744 1278 815 1348 pede
883 1295 907 1336 ao

120 1353 173 1410 Ad
190 1371 244 1406 non
260 1355 361 1408 amicos
379 1353 433 1408 heu
450 1355 516 1408 mihi
534 1357 627 1423 postes
645 1359 675 1409 ct
691 1355 746 1409 heu

156 1429 265 1482 Limina
283 1429 360 1498 dura,
377 1429 477 1498 quibus
494 1430 601 1484 lumbos
618 1434 648 1484 et
665 1430 763 1498 infregi
780 1429 860 1485 latus.

119 1504 204 1560 Nunc
220 1505 362 1572 gloriantis
380 1505 531 1574 quamlibet
548 1505 734 1558 mulierculam

156 1579 277 1634 Vincere
294 1581 408 1633 mollitie
425 1597 500 1633 amor
519 1580 622 1648 Lycisci
639 1596 683 1633 me
701 1582 787 1648 tenet,

119 1654 206 1710 Unde
223 1656 353 1724 expedire
371 1673 424 1708 non
442 1655 589 1708 amicorum
607 1657 711 1724 queant
883 1669 906 1711 re

157 1729 259 1784 Libera
276 1731 386 1784 consilia
403 1747 453 1784 nur
470 1731 649 1784 contumeliae
666 1745 769 1798 graves,

120 1805 182 1860 Sed
198 1805 266 1858 alius
283 1805 365 1859 ardor
382 1809 430 1859 aut
446 1805 554 1874 puellae
571 1805 704 1859 candidae

158 1881 218 1939 Aut
235 1881 332 1934 teretis
348 1881 427 1950 pueri
443 1881 552 1949 longam
569 1880 729 1935 renodantis
745 1895 857 1935 comam.

121 2103 199 2168 Qun>
216 2103 269 2158 tibi
286 2104 335 2172 vis,
353 2103 451 2158 mulier
467 2104 554 2172 nigris
572 2101 732 2171 dignissima
748 2101 862 2162 barrisl.

157 2179 273 2233 Munera
290 2180 357 2248 quid
374 2179 441 2232 mihi
458 2179 558 2248 quidve
574 2178 690 2231 tabellas

119 2253 212 2308 Mittis
229 2270 280 2308 nec
297 2255 376 2307 firmo
389 2254 485 2322 juveni
501 2269 591 2321 neque
608 2253 681 2305 naris
698 2251 815 2308 obesael

156 2328 282 2397 Namque
300 2330 422 2397 sagacius
439 2346 510 2382 unus
527 2327 632 2394 odoror,

119 2403 240 2472 Polypus
258 2419 293 2457 an
310 2405 400 2472 gravis
417 2403 529 2457 hirsutis
547 2402 629 2456 cubet
645 2401 736 2457 hircus
752 2403 781 2457 in
798 2401 856 2473 alis,
888 2416 902 2458 e

156 2479 244 2544 Quam
261 2481 334 2534 canis
351 2495 414 2533 acer
430 2479 477 2532 ubi
495 2479 581 2532 lateat
598 2493 650 2532 sus.

118 2551 174 2618 Qui
191 2554 275 2606 sudor
291 2555 371 2608 vietis
389 2557 418 2607 ct
435 2570 517 2623 quam
531 2553 618 2606 malus
633 2551 755 2622 undique
770 2551 901 2606 membris

55 2645 61 2662 ·
155 2627 261 2682 Crescit
278 2629 353 2696 odor,
372 2645 433 2682 cum
447 2645 522 2697 pene
539 2628 627 2682 soluto

117 2703 286 2756 Indomitam
303 2708 432 2772 properat
449 2704 553 2757 rabiem
571 2703 683 2767 sedare3
700 2716 790 2769 neque
806 2701 846 2755 illi

152 2777 217 2830 Jam
235 2783 327 2832 manet
344 2779 456 2832 humida
472 2781 549 2832 creta
566 2777 693 2844 colorque
877 2791 898 2832 lc

116 2852 243 2906 Stercore
260 2854 367 2907 fucatus
385 2853 519 2921 crocodili,
534 2853 649 2920 jamque
666 2849 788 2904 subando

152 2926 240 2980 'Penta
256 2929 356 2982 cubilia
373 2931 503 2996 tectaque
521 2927 640 2994 rumpit!

114 3001 169 3056 Vel
187 3017 250 3055 mea
267 3018 328 3056 cum
347 3003 435 3056 saevis
452 3003 539 3070 agitat
556 3000 668 3055 fastidia
684 2997 788 3062 verbis:

149 3075 264 3130 Inachia
280 3077 393 3146 langues
409 3078 499 3130 minus
516 3091 549 3130 ac
565 3093 627 3142 me;
