<?xml version="1.0" encoding="UTF-8"?>
<!DOCTYPE html PUBLIC "-//W3C//DTD XHTML 1.0 Transitional//EN"
    "http://www.w3.org/TR/xhtml1/DTD/xhtml1-transitional.dtd">
<html xmlns="http://www.w3.org/1999/xhtml" xml:lang="en" lang="en">
 <head>
  <title>
</title>
<meta http-equiv="Content-Type" content="text/html;charset=utf-8" />
  <meta name='ocr-system' content='tesseract 3.04.00' />
  <meta name='ocr-capabilities' content='ocr_page ocr_carea ocr_par ocr_line ocrx_word'/>
</head>
<body>
  <div class='ocr_page' id='page_1' title='image "./quintihoratiifl01maclgoog_0180.png"; bbox 0 0 2044 3416; ppageno 0'>
   <div class='ocr_carea' id='block_1_1' title="bbox 324 107 914 166">
    <p class='ocr_par' dir='ltr' id='par_1_1' title="bbox 324 107 914 166">
     <span class='ocr_line' id='line_1_1' title="bbox 324 107 914 166; baseline 0.015 -11"><span class='ocrx_word' id='word_1_1' title='bbox 324 107 579 158; x_wconf 79' lang='lat' dir='ltr'><strong>EPISTOLARUM</strong></span> <span class='ocrx_word' id='word_1_2' title='bbox 595 111 617 160; x_wconf 90' lang='lat' dir='ltr'>I.</span> <span class='ocrx_word' id='word_1_3' title='bbox 637 110 661 163; x_wconf 86' lang='grc'>7.</span> <span class='ocrx_word' id='word_1_4' title='bbox 868 113 914 166; x_wconf 86' lang='grc'>167</span> 
     </span>
    </p>
   </div>
   <div class='ocr_carea' id='block_1_2' title="bbox 53 187 918 2678">
    <p class='ocr_par' dir='ltr' id='par_1_2' title="bbox 53 187 742 260">
     <span class='ocr_line' id='line_1_2' title="bbox 53 187 742 260; baseline -0.004 -13"><span class='ocrx_word' id='word_1_5' title='bbox 53 192 91 247; x_wconf 84' lang='lat' dir='ltr'>Et</span> <span class='ocrx_word' id='word_1_6' title='bbox 108 206 205 260; x_wconf 87' lang='lat' dir='ltr'>genus</span> <span class='ocrx_word' id='word_1_7' title='bbox 223 190 254 242; x_wconf 87' lang='lat' dir='ltr'>et</span> <span class='ocrx_word' id='word_1_8' title='bbox 270 187 385 241; x_wconf 81' lang='lat' dir='ltr'>formam</span> <span class='ocrx_word' id='word_1_9' title='bbox 402 189 497 255; x_wconf 86' lang='lat' dir='ltr'>regina</span> <span class='ocrx_word' id='word_1_10' title='bbox 515 188 634 244; x_wconf 81' lang='lat' dir='ltr'>Pecunia</span> <span class='ocrx_word' id='word_1_11' title='bbox 651 188 742 259; x_wconf 88' lang='lat' dir='ltr'>donat,</span> 
     </span>
    </p>

    <p class='ocr_par' dir='ltr' id='par_1_3' title="bbox 55 263 824 335">
     <span class='ocr_line' id='line_1_3' title="bbox 55 263 824 335; baseline -0.001 -13"><span class='ocrx_word' id='word_1_12' title='bbox 55 269 98 322; x_wconf 81' lang='lat' dir='ltr'>Ac</span> <span class='ocrx_word' id='word_1_13' title='bbox 116 268 196 320; x_wconf 88' lang='lat' dir='ltr'>bene</span> <span class='ocrx_word' id='word_1_14' title='bbox 212 267 384 318; x_wconf 90' lang='lat' dir='ltr'>nummatum</span> <span class='ocrx_word' id='word_1_15' title='bbox 401 263 512 318; x_wconf 88' lang='lat' dir='ltr'>decorat</span> <span class='ocrx_word' id='word_1_16' title='bbox 532 264 651 318; x_wconf 80' lang='lat' dir='ltr'>Suadela</span> <span class='ocrx_word' id='word_1_17' title='bbox 669 266 824 335; x_wconf 85' lang='lat' dir='ltr'>Venusque.</span> 
     </span>
    </p>

    <p class='ocr_par' dir='ltr' id='par_1_4' title="bbox 55 339 844 410">
     <span class='ocr_line' id='line_1_4' title="bbox 55 339 844 410; baseline -0.003 -13"><span class='ocrx_word' id='word_1_18' title='bbox 55 341 208 410; x_wconf 87' lang='lat' dir='ltr'>Mancipiis</span> <span class='ocrx_word' id='word_1_19' title='bbox 225 339 345 406; x_wconf 84' lang='lat' dir='ltr'>locuples</span> <span class='ocrx_word' id='word_1_20' title='bbox 363 343 427 406; x_wconf 87' lang='lat' dir='ltr'>eget</span> <span class='ocrx_word' id='word_1_21' title='bbox 444 339 515 393; x_wconf 84' lang='lat' dir='ltr'>aeris</span> <span class='ocrx_word' id='word_1_22' title='bbox 534 340 724 409; x_wconf 81' lang='lat' dir='ltr'>Cappadocum</span> <span class='ocrx_word' id='word_1_23' title='bbox 742 358 804 396; x_wconf 87' lang='lat' dir='ltr'>rex:</span> <span class='ocrx_word' id='word_1_24' title='bbox 838 396 844 406; x_wconf 74' lang='grc'><strong>,</strong></span> 
     </span>
    </p>

    <p class='ocr_par' dir='ltr' id='par_1_5' title="bbox 55 413 916 484">
     <span class='ocr_line' id='line_1_5' title="bbox 55 413 916 484; baseline 0.001 -14"><span class='ocrx_word' id='word_1_25' title='bbox 55 418 100 473; x_wconf 85' lang='lat' dir='ltr'>Ne</span> <span class='ocrx_word' id='word_1_26' title='bbox 117 417 211 470; x_wconf 80' lang='lat' dir='ltr'>fueris</span> <span class='ocrx_word' id='word_1_27' title='bbox 229 415 330 469; x_wconf 86' lang='lat' dir='ltr'>hictu</span> <span class='ocrx_word' id='word_1_28' title='bbox 366 415 528 484; x_wconf 81' lang='lat' dir='ltr'>Ghlamydes</span> <span class='ocrx_word' id='word_1_29' title='bbox 546 413 682 484; x_wconf 82' lang='lat' dir='ltr'>Lucullus,</span> <span class='ocrx_word' id='word_1_30' title='bbox 700 420 732 470; x_wconf 88' lang='lat' dir='ltr'>ut</span> <span class='ocrx_word' id='word_1_31' title='bbox 749 415 833 484; x_wconf 83' lang='lat' dir='ltr'>aiunt,</span> <span class='ocrx_word' id='word_1_32' title='bbox 892 430 916 472; x_wconf 75' lang='lat' dir='ltr'>rr</span> 
     </span>
    </p>

    <p class='ocr_par' dir='ltr' id='par_1_6' title="bbox 54 490 732 561">
     <span class='ocr_line' id='line_1_6' title="bbox 54 490 732 561; baseline -0.004 -14"><span class='ocrx_word' id='word_1_33' title='bbox 54 493 82 547; x_wconf 82' lang='lat' dir='ltr'>Si</span> <span class='ocrx_word' id='word_1_34' title='bbox 100 493 204 561; x_wconf 89' lang='lat' dir='ltr'>posset</span> <span class='ocrx_word' id='word_1_35' title='bbox 222 493 332 544; x_wconf 89' lang='lat' dir='ltr'>centum</span> <span class='ocrx_word' id='word_1_36' title='bbox 350 506 446 545; x_wconf 80' lang='lat' dir='ltr'>scenae</span> <span class='ocrx_word' id='word_1_37' title='bbox 462 490 596 560; x_wconf 88' lang='lat' dir='ltr'>praebere</span> <span class='ocrx_word' id='word_1_38' title='bbox 613 495 732 559; x_wconf 84' lang='lat' dir='ltr'>rogatus,</span> 
     </span>
    </p>

    <p class='ocr_par' dir='ltr' id='par_1_7' title="bbox 54 565 914 697">
     <span class='ocr_line' id='line_1_7' title="bbox 54 565 914 636; baseline 0 -14"><span class='ocrx_word' id='word_1_39' title='bbox 54 568 135 634; x_wconf 86' lang='lat' dir='ltr'>“Qui</span> <span class='ocrx_word' id='word_1_40' title='bbox 153 583 270 636; x_wconf 87' lang='lat' dir='ltr'>possum</span> <span class='ocrx_word' id='word_1_41' title='bbox 286 569 330 620; x_wconf 91' lang='lat' dir='ltr'>tot</span> <span class='ocrx_word' id='word_1_42' title='bbox 339 565 363 620; x_wconf 85' lang='lat' dir='ltr'>&#39;l’&#39;</span> <span class='ocrx_word' id='word_1_43' title='bbox 382 566 436 632; x_wconf 80' lang='lat' dir='ltr'>ait3</span> <span class='ocrx_word' id='word_1_44' title='bbox 455 566 470 593; x_wconf 91' lang='lat'>“</span> <span class='ocrx_word' id='word_1_45' title='bbox 479 569 573 621; x_wconf 87' lang='lat' dir='ltr'>tamen</span> <span class='ocrx_word' id='word_1_46' title='bbox 591 571 621 621; x_wconf 86' lang='lat' dir='ltr'>et</span> <span class='ocrx_word' id='word_1_47' title='bbox 641 583 770 636; x_wconf 88' lang='lat' dir='ltr'>quaeram</span> <span class='ocrx_word' id='word_1_48' title='bbox 793 570 824 622; x_wconf 84' lang='lat' dir='ltr'>et</span> <span class='ocrx_word' id='word_1_49' title='bbox 847 571 914 636; x_wconf 92' lang='lat' dir='ltr'>quot</span> 
     </span>
     <span class='ocr_line' id='line_1_8' title="bbox 125 642 240 697; baseline -0.009 0"><span class='ocrx_word' id='word_1_50' title='bbox 125 642 240 697; x_wconf 86' lang='lat' dir='ltr'>habebo</span> 
     </span>
    </p>

    <p class='ocr_par' dir='ltr' id='par_1_8' title="bbox 53 715 807 789">
     <span class='ocr_line' id='line_1_9' title="bbox 53 715 807 789; baseline 0 -15"><span class='ocrx_word' id='word_1_51' title='bbox 53 720 173 775; x_wconf 79' lang='lat' dir='ltr'><strong>Mittam</strong></span> <span class='ocrx_word' id='word_1_52' title='bbox 183 718 203 772; x_wconf 89' lang='lat'>:&#39;’</span> <span class='ocrx_word' id='word_1_53' title='bbox 222 720 286 787; x_wconf 88' lang='lat' dir='ltr'>post</span> <span class='ocrx_word' id='word_1_54' title='bbox 301 717 384 786; x_wconf 88' lang='lat' dir='ltr'>paulo</span> <span class='ocrx_word' id='word_1_55' title='bbox 402 715 498 772; x_wconf 89' lang='lat' dir='ltr'>scribit</span> <span class='ocrx_word' id='word_1_56' title='bbox 514 717 566 772; x_wconf 86' lang='lat' dir='ltr'>sibi</span> <span class='ocrx_word' id='word_1_57' title='bbox 584 718 670 773; x_wconf 89' lang='lat' dir='ltr'>millia</span> <span class='ocrx_word' id='word_1_58' title='bbox 687 719 807 789; x_wconf 91' lang='lat' dir='ltr'>quinque</span> 
     </span>
    </p>

    <p class='ocr_par' dir='ltr' id='par_1_9' title="bbox 53 793 856 862">
     <span class='ocr_line' id='line_1_10' title="bbox 53 793 856 862; baseline 0.001 -13"><span class='ocrx_word' id='word_1_59' title='bbox 53 797 126 849; x_wconf 82' lang='lat' dir='ltr'>Esse</span> <span class='ocrx_word' id='word_1_60' title='bbox 144 793 224 848; x_wconf 88' lang='lat' dir='ltr'>domi</span> <span class='ocrx_word' id='word_1_61' title='bbox 241 793 427 862; x_wconf 82' lang='lat' dir='ltr'>chlamydum3</span> <span class='ocrx_word' id='word_1_62' title='bbox 443 797 552 862; x_wconf 86' lang='lat' dir='ltr'>partem</span> <span class='ocrx_word' id='word_1_63' title='bbox 569 795 613 848; x_wconf 86' lang='lat' dir='ltr'>vel</span> <span class='ocrx_word' id='word_1_64' title='bbox 630 795 740 849; x_wconf 88' lang='lat' dir='ltr'>tolleret</span> <span class='ocrx_word' id='word_1_65' title='bbox 757 811 856 851; x_wconf 83' lang='lat' dir='ltr'>omnes.</span> 
     </span>
    </p>

    <p class='ocr_par' dir='ltr' id='par_1_10' title="bbox 54 867 918 939">
     <span class='ocr_line' id='line_1_11' title="bbox 54 867 918 939; baseline 0.006 -14"><span class='ocrx_word' id='word_1_66' title='bbox 54 871 144 925; x_wconf 81' lang='lat' dir='ltr'>Exilis</span> <span class='ocrx_word' id='word_1_67' title='bbox 164 869 264 922; x_wconf 91' lang='lat' dir='ltr'>domus</span> <span class='ocrx_word' id='word_1_68' title='bbox 282 873 326 922; x_wconf 88' lang='lat' dir='ltr'>est</span> <span class='ocrx_word' id='word_1_69' title='bbox 343 867 391 921; x_wconf 89' lang='lat' dir='ltr'>ubi</span> <span class='ocrx_word' id='word_1_70' title='bbox 407 885 461 922; x_wconf 89' lang='lat' dir='ltr'>non</span> <span class='ocrx_word' id='word_1_71' title='bbox 479 873 509 924; x_wconf 90' lang='lat' dir='ltr'>ct</span> <span class='ocrx_word' id='word_1_72' title='bbox 527 870 613 924; x_wconf 88' lang='lat' dir='ltr'>multa</span> <span class='ocrx_word' id='word_1_73' title='bbox 630 875 777 939; x_wconf 75' lang='lat' dir='ltr'>supersunt</span> <span class='ocrx_word' id='word_1_74' title='bbox 894 889 918 930; x_wconf 73' lang='lat' dir='ltr'>es</span> 
     </span>
    </p>

    <p class='ocr_par' dir='ltr' id='par_1_11' title="bbox 54 945 799 1014">
     <span class='ocr_line' id='line_1_12' title="bbox 54 945 799 1014; baseline -0.004 -12"><span class='ocrx_word' id='word_1_75' title='bbox 54 949 91 1002; x_wconf 87' lang='lat' dir='ltr'>Et</span> <span class='ocrx_word' id='word_1_76' title='bbox 110 945 258 1000; x_wconf 88' lang='lat' dir='ltr'>dominum</span> <span class='ocrx_word' id='word_1_77' title='bbox 275 945 374 998; x_wconf 80' lang='lat' dir='ltr'>fallunt</span> <span class='ocrx_word' id='word_1_78' title='bbox 392 948 421 998; x_wconf 89' lang='lat' dir='ltr'>et</span> <span class='ocrx_word' id='word_1_79' title='bbox 438 947 553 1013; x_wconf 66' lang='lat' dir='ltr'>prosunt</span> <span class='ocrx_word' id='word_1_80' title='bbox 570 945 684 999; x_wconf 88' lang='lat' dir='ltr'>iuribus.</span> <span class='ocrx_word' id='word_1_81' title='bbox 719 945 799 1014; x_wconf 86' lang='lat' dir='ltr'>Ilrgo,</span> 
     </span>
    </p>

    <p class='ocr_par' dir='ltr' id='par_1_12' title="bbox 54 1019 759 1091">
     <span class='ocr_line' id='line_1_13' title="bbox 54 1019 759 1091; baseline -0.004 -14"><span class='ocrx_word' id='word_1_82' title='bbox 54 1023 83 1076; x_wconf 85' lang='lat' dir='ltr'>Si</span> <span class='ocrx_word' id='word_1_83' title='bbox 102 1039 152 1077; x_wconf 86' lang='lat' dir='ltr'>res</span> <span class='ocrx_word' id='word_1_84' title='bbox 173 1021 231 1074; x_wconf 87' lang='lat' dir='ltr'>sola</span> <span class='ocrx_word' id='word_1_85' title='bbox 247 1024 341 1091; x_wconf 91' lang='lat' dir='ltr'>potest</span> <span class='ocrx_word' id='word_1_86' title='bbox 357 1019 449 1074; x_wconf 82' lang='lat' dir='ltr'>facere</span> <span class='ocrx_word' id='word_1_87' title='bbox 467 1023 496 1074; x_wconf 87' lang='lat' dir='ltr'>et</span> <span class='ocrx_word' id='word_1_88' title='bbox 513 1037 623 1074; x_wconf 87' lang='lat' dir='ltr'>servare</span> <span class='ocrx_word' id='word_1_89' title='bbox 640 1020 759 1089; x_wconf 86' lang='lat' dir='ltr'>beatum,</span> 
     </span>
    </p>

    <p class='ocr_par' dir='ltr' id='par_1_13' title="bbox 54 1095 844 1167">
     <span class='ocr_line' id='line_1_14' title="bbox 54 1095 844 1167; baseline -0.001 -14"><span class='ocrx_word' id='word_1_90' title='bbox 54 1101 120 1153; x_wconf 93' lang='lat' dir='ltr'>Hoc</span> <span class='ocrx_word' id='word_1_91' title='bbox 138 1097 248 1167; x_wconf 88' lang='lat' dir='ltr'>primus</span> <span class='ocrx_word' id='word_1_92' title='bbox 265 1099 376 1164; x_wconf 78' lang='lat' dir='ltr'>repetas</span> <span class='ocrx_word' id='word_1_93' title='bbox 394 1111 469 1165; x_wconf 91' lang='lat' dir='ltr'>opus,</span> <span class='ocrx_word' id='word_1_94' title='bbox 487 1095 539 1149; x_wconf 90' lang='lat' dir='ltr'>hoo</span> <span class='ocrx_word' id='word_1_95' title='bbox 556 1101 710 1165; x_wconf 87' lang='lat' dir='ltr'>postremus</span> <span class='ocrx_word' id='word_1_96' title='bbox 727 1095 844 1152; x_wconf 77' lang='lat' dir='ltr'>omittas</span> 
     </span>
    </p>

    <p class='ocr_par' dir='ltr' id='par_1_14' title="bbox 54 1172 703 1241">
     <span class='ocr_line' id='line_1_15' title="bbox 54 1172 703 1241; baseline -0.005 -13"><span class='ocrx_word' id='word_1_97' title='bbox 54 1175 84 1228; x_wconf 86' lang='lat' dir='ltr'>Si</span> <span class='ocrx_word' id='word_1_98' title='bbox 103 1175 279 1228; x_wconf 82' lang='lat' dir='ltr'>fortunatum</span> <span class='ocrx_word' id='word_1_99' title='bbox 298 1172 402 1241; x_wconf 87' lang='lat' dir='ltr'>species</span> <span class='ocrx_word' id='word_1_100' title='bbox 420 1175 450 1225; x_wconf 89' lang='lat' dir='ltr'>et</span> <span class='ocrx_word' id='word_1_101' title='bbox 466 1172 556 1240; x_wconf 85' lang='lat' dir='ltr'>gratia</span> <span class='ocrx_word' id='word_1_102' title='bbox 572 1175 703 1241; x_wconf 84' lang='lat' dir='ltr'>praestat,</span> 
     </span>
    </p>

    <p class='ocr_par' dir='ltr' id='par_1_15' title="bbox 53 1247 914 1317">
     <span class='ocr_line' id='line_1_16' title="bbox 53 1247 914 1317; baseline -0.002 -14"><span class='ocrx_word' id='word_1_103' title='bbox 53 1251 220 1303; x_wconf 87' lang='lat' dir='ltr'>Mercemur</span> <span class='ocrx_word' id='word_1_104' title='bbox 237 1264 344 1302; x_wconf 87' lang='lat' dir='ltr'>servum</span> <span class='ocrx_word' id='word_1_105' title='bbox 363 1247 410 1317; x_wconf 93' lang='lat' dir='ltr'>qui</span> <span class='ocrx_word' id='word_1_106' title='bbox 428 1247 516 1301; x_wconf 79' lang='lat' dir='ltr'>dictet</span> <span class='ocrx_word' id='word_1_107' title='bbox 532 1248 648 1315; x_wconf 91' lang='lat' dir='ltr'>nomina,</span> <span class='ocrx_word' id='word_1_108' title='bbox 666 1248 774 1316; x_wconf 80' lang='lat' dir='ltr'>laevum</span> <span class='ocrx_word' id='word_1_109' title='bbox 888 1267 914 1307; x_wconf 76' lang='grc' dir='ltr'><em>ω</em></span> 
     </span>
    </p>

    <p class='ocr_par' dir='ltr' id='par_1_16' title="bbox 54 1321 861 1392">
     <span class='ocr_line' id='line_1_17' title="bbox 54 1321 861 1392; baseline -0.004 -12"><span class='ocrx_word' id='word_1_110' title='bbox 54 1326 112 1390; x_wconf 85' lang='lat' dir='ltr'>Qui</span> <span class='ocrx_word' id='word_1_111' title='bbox 129 1323 237 1378; x_wconf 84' lang='lat' dir='ltr'>fodicet</span> <span class='ocrx_word' id='word_1_112' title='bbox 254 1323 327 1377; x_wconf 87' lang='lat' dir='ltr'>latus</span> <span class='ocrx_word' id='word_1_113' title='bbox 345 1327 376 1377; x_wconf 88' lang='lat' dir='ltr'>et</span> <span class='ocrx_word' id='word_1_114' title='bbox 392 1325 472 1392; x_wconf 86' lang='lat' dir='ltr'>cogat</span> <span class='ocrx_word' id='word_1_115' title='bbox 489 1327 568 1377; x_wconf 87' lang='lat' dir='ltr'>trans</span> <span class='ocrx_word' id='word_1_116' title='bbox 584 1323 707 1392; x_wconf 90' lang='lat' dir='ltr'>pondera</span> <span class='ocrx_word' id='word_1_117' title='bbox 724 1321 861 1378; x_wconf 80' lang='lat' dir='ltr'>dextram</span> 
     </span>
    </p>

    <p class='ocr_par' dir='ltr' id='par_1_17' title="bbox 57 1398 906 1468">
     <span class='ocr_line' id='line_1_18' title="bbox 57 1398 906 1468; baseline 0 -14"><span class='ocrx_word' id='word_1_118' title='bbox 57 1401 217 1468; x_wconf 78' lang='lat' dir='ltr'>Porrigere.</span> <span class='ocrx_word' id='word_1_119' title='bbox 252 1399 328 1452; x_wconf 90' lang='lat' dir='ltr'>“Hic</span> <span class='ocrx_word' id='word_1_120' title='bbox 345 1399 461 1452; x_wconf 91' lang='lat' dir='ltr'>multum</span> <span class='ocrx_word' id='word_1_121' title='bbox 478 1398 508 1452; x_wconf 91' lang='lat' dir='ltr'>in</span> <span class='ocrx_word' id='word_1_122' title='bbox 526 1399 612 1454; x_wconf 78' lang='lat' dir='ltr'>Fabia</span> <span class='ocrx_word' id='word_1_123' title='bbox 629 1399 710 1468; x_wconf 86' lang='lat' dir='ltr'>valet,</span> <span class='ocrx_word' id='word_1_124' title='bbox 728 1400 775 1453; x_wconf 90' lang='lat' dir='ltr'>ille</span> <span class='ocrx_word' id='word_1_125' title='bbox 793 1399 892 1454; x_wconf 86' lang='lat' dir='ltr'>Velina</span> <span class='ocrx_word' id='word_1_126' title='bbox 898 1419 906 1465; x_wconf 89' lang='lat'>;</span> 
     </span>
    </p>

    <p class='ocr_par' dir='ltr' id='par_1_18' title="bbox 54 1473 744 1544">
     <span class='ocr_line' id='line_1_19' title="bbox 54 1473 744 1544; baseline -0.001 -14"><span class='ocrx_word' id='word_1_127' title='bbox 54 1476 110 1531; x_wconf 82' lang='lat' dir='ltr'>Oui</span> <span class='ocrx_word' id='word_1_128' title='bbox 128 1476 201 1529; x_wconf 89' lang='lat' dir='ltr'>libet</span> <span class='ocrx_word' id='word_1_129' title='bbox 218 1474 263 1528; x_wconf 90' lang='lat' dir='ltr'>hic</span> <span class='ocrx_word' id='word_1_130' title='bbox 279 1475 365 1528; x_wconf 84' lang='lat' dir='ltr'>fasces</span> <span class='ocrx_word' id='word_1_131' title='bbox 383 1473 461 1527; x_wconf 86' lang='lat' dir='ltr'>dabit</span> <span class='ocrx_word' id='word_1_132' title='bbox 479 1475 633 1544; x_wconf 85' lang='lat' dir='ltr'>eripietque</span> <span class='ocrx_word' id='word_1_133' title='bbox 651 1475 744 1529; x_wconf 87' lang='lat' dir='ltr'>curule</span> 
     </span>
    </p>

    <p class='ocr_par' dir='ltr' id='par_1_19' title="bbox 54 1549 858 1620">
     <span class='ocr_line' id='line_1_20' title="bbox 54 1549 858 1620; baseline -0.002 -13"><span class='ocrx_word' id='word_1_134' title='bbox 54 1553 110 1607; x_wconf 83' lang='lat' dir='ltr'>Oui</span> <span class='ocrx_word' id='word_1_135' title='bbox 127 1551 206 1606; x_wconf 82' lang='lat' dir='ltr'>volet</span> <span class='ocrx_word' id='word_1_136' title='bbox 223 1550 394 1619; x_wconf 89' lang='lat' dir='ltr'>importunus</span> <span class='ocrx_word' id='word_1_137' title='bbox 412 1549 502 1603; x_wconf 87' lang='lat' dir='ltr'>ebur.&#39;&#39;</span> <span class='ocrx_word' id='word_1_138' title='bbox 538 1550 643 1617; x_wconf 77' lang='lat' dir='ltr'>Frater,</span> <span class='ocrx_word' id='word_1_139' title='bbox 662 1551 753 1618; x_wconf 87' lang='lat' dir='ltr'>Pater,</span> <span class='ocrx_word' id='word_1_140' title='bbox 770 1551 858 1620; x_wconf 87' lang='lat' dir='ltr'>adde;</span> 
     </span>
    </p>

    <p class='ocr_par' dir='ltr' id='par_1_20' title="bbox 53 1625 912 1696">
     <span class='ocr_line' id='line_1_21' title="bbox 53 1625 912 1696; baseline 0 -14"><span class='ocrx_word' id='word_1_141' title='bbox 53 1629 99 1682; x_wconf 89' lang='lat' dir='ltr'>Ut</span> <span class='ocrx_word' id='word_1_142' title='bbox 117 1626 220 1694; x_wconf 88' lang='lat' dir='ltr'>cuique</span> <span class='ocrx_word' id='word_1_143' title='bbox 237 1632 281 1679; x_wconf 88' lang='lat' dir='ltr'>est</span> <span class='ocrx_word' id='word_1_144' title='bbox 298 1630 374 1678; x_wconf 87' lang='lat' dir='ltr'>aetas</span> <span class='ocrx_word' id='word_1_145' title='bbox 391 1625 430 1679; x_wconf 89' lang='lat' dir='ltr'>ita</span> <span class='ocrx_word' id='word_1_146' title='bbox 448 1642 585 1696; x_wconf 88' lang='lat' dir='ltr'>quemque</span> <span class='ocrx_word' id='word_1_147' title='bbox 602 1627 706 1680; x_wconf 80' lang='lat' dir='ltr'>facetus</span> <span class='ocrx_word' id='word_1_148' title='bbox 723 1626 832 1695; x_wconf 84' lang='lat' dir='ltr'>adopta</span> <span class='ocrx_word' id='word_1_149' title='bbox 886 1646 912 1690; x_wconf 68' lang='lat' dir='ltr'>aa</span> 
     </span>
    </p>

    <p class='ocr_par' dir='ltr' id='par_1_21' title="bbox 54 1699 855 1770">
     <span class='ocr_line' id='line_1_22' title="bbox 54 1699 855 1770; baseline -0.005 -12"><span class='ocrx_word' id='word_1_150' title='bbox 54 1704 86 1758; x_wconf 87' lang='lat' dir='ltr'>Si</span> <span class='ocrx_word' id='word_1_151' title='bbox 106 1702 182 1757; x_wconf 87' lang='lat' dir='ltr'>bene</span> <span class='ocrx_word' id='word_1_152' title='bbox 199 1701 246 1770; x_wconf 92' lang='lat' dir='ltr'>qui</span> <span class='ocrx_word' id='word_1_153' title='bbox 264 1704 362 1755; x_wconf 87' lang='lat' dir='ltr'>coenat</span> <span class='ocrx_word' id='word_1_154' title='bbox 378 1699 450 1755; x_wconf 87' lang='lat' dir='ltr'>benc</span> <span class='ocrx_word' id='word_1_155' title='bbox 468 1701 542 1768; x_wconf 84' lang='lat' dir='ltr'>vivit,</span> <span class='ocrx_word' id='word_1_156' title='bbox 561 1702 641 1770; x_wconf 88' lang='lat' dir='ltr'>lucet,</span> <span class='ocrx_word' id='word_1_157' title='bbox 659 1717 752 1756; x_wconf 86' lang='lat' dir='ltr'>camus</span> <span class='ocrx_word' id='word_1_158' title='bbox 851 1761 855 1770; x_wconf 49' lang='grc'>,</span> 
     </span>
    </p>

    <p class='ocr_par' dir='ltr' id='par_1_22' title="bbox 55 1777 757 1845">
     <span class='ocr_line' id='line_1_23' title="bbox 55 1777 757 1845; baseline 0 -13"><span class='ocrx_word' id='word_1_159' title='bbox 55 1781 121 1845; x_wconf 78' lang='lat' dir='ltr'>Quo</span> <span class='ocrx_word' id='word_1_160' title='bbox 140 1777 220 1831; x_wconf 90' lang='lat' dir='ltr'>ducit</span> <span class='ocrx_word' id='word_1_161' title='bbox 237 1777 315 1844; x_wconf 83' lang='lat' dir='ltr'>gula3</span> <span class='ocrx_word' id='word_1_162' title='bbox 331 1777 476 1845; x_wconf 85' lang='lat' dir='ltr'>piseemur,</span> <span class='ocrx_word' id='word_1_163' title='bbox 487 1793 625 1845; x_wconf 76' lang='lat' dir='ltr'>venemur,</span> <span class='ocrx_word' id='word_1_164' title='bbox 644 1781 676 1832; x_wconf 92' lang='lat' dir='ltr'>ut</span> <span class='ocrx_word' id='word_1_165' title='bbox 694 1777 757 1832; x_wconf 88' lang='lat' dir='ltr'>olim</span> 
     </span>
    </p>

    <p class='ocr_par' dir='ltr' id='par_1_23' title="bbox 55 1853 760 1922">
     <span class='ocr_line' id='line_1_24' title="bbox 55 1853 760 1922; baseline -0.001 -13"><span class='ocrx_word' id='word_1_166' title='bbox 55 1853 209 1922; x_wconf 83' lang='lat' dir='ltr'>Gargilius,</span> <span class='ocrx_word' id='word_1_167' title='bbox 228 1853 276 1922; x_wconf 90' lang='lat' dir='ltr'>qui</span> <span class='ocrx_word' id='word_1_168' title='bbox 293 1869 373 1906; x_wconf 88' lang='lat' dir='ltr'>mane</span> <span class='ocrx_word' id='word_1_169' title='bbox 390 1853 490 1920; x_wconf 79' lang='lat' dir='ltr'>plagas,</span> <span class='ocrx_word' id='word_1_170' title='bbox 509 1853 648 1921; x_wconf 83' lang='lat' dir='ltr'>venabula,</span> <span class='ocrx_word' id='word_1_171' title='bbox 668 1870 760 1908; x_wconf 85' lang='lat' dir='ltr'>servos</span> 
     </span>
    </p>

    <p class='ocr_par' dir='ltr' id='par_1_24' title="bbox 54 1928 791 2000">
     <span class='ocr_line' id='line_1_25' title="bbox 54 1928 791 2000; baseline 0 -16"><span class='ocrx_word' id='word_1_172' title='bbox 54 1930 212 1984; x_wconf 85' lang='lat' dir='ltr'>Diffortum</span> <span class='ocrx_word' id='word_1_173' title='bbox 229 1929 345 1982; x_wconf 87' lang='lat' dir='ltr'>transire</span> <span class='ocrx_word' id='word_1_174' title='bbox 362 1929 451 1981; x_wconf 83' lang='lat' dir='ltr'>forum</span> <span class='ocrx_word' id='word_1_175' title='bbox 468 1929 652 1998; x_wconf 89' lang='lat' dir='ltr'>populumque</span> <span class='ocrx_word' id='word_1_176' title='bbox 666 1928 791 2000; x_wconf 89' lang='lat' dir='ltr'>jubebat,</span> 
     </span>
    </p>

    <p class='ocr_par' dir='ltr' id='par_1_25' title="bbox 54 2004 914 2072">
     <span class='ocr_line' id='line_1_26' title="bbox 54 2004 914 2072; baseline 0.002 -12"><span class='ocrx_word' id='word_1_177' title='bbox 54 2007 141 2061; x_wconf 85' lang='lat' dir='ltr'>Unus</span> <span class='ocrx_word' id='word_1_178' title='bbox 160 2008 193 2058; x_wconf 86' lang='lat' dir='ltr'>ut</span> <span class='ocrx_word' id='word_1_179' title='bbox 211 2019 227 2057; x_wconf 91' lang='lat' dir='ltr'>e</span> <span class='ocrx_word' id='word_1_180' title='bbox 245 2005 338 2058; x_wconf 86' lang='lat' dir='ltr'>multis</span> <span class='ocrx_word' id='word_1_181' title='bbox 355 2004 455 2072; x_wconf 89' lang='lat' dir='ltr'>populo</span> <span class='ocrx_word' id='word_1_182' title='bbox 477 2009 618 2072; x_wconf 83' lang='lat' dir='ltr'>spectante</span> <span class='ocrx_word' id='word_1_183' title='bbox 635 2007 753 2060; x_wconf 86' lang='lat' dir='ltr'>referret</span> <span class='ocrx_word' id='word_1_184' title='bbox 890 2021 914 2062; x_wconf 81' lang='lat' dir='ltr'>to</span> 
     </span>
    </p>

    <p class='ocr_par' dir='ltr' id='par_1_26' title="bbox 55 2080 863 2151">
     <span class='ocr_line' id='line_1_27' title="bbox 55 2080 863 2151; baseline -0.002 -15"><span class='ocrx_word' id='word_1_185' title='bbox 55 2084 197 2151; x_wconf 84' lang='lat' dir='ltr'>Emptum</span> <span class='ocrx_word' id='word_1_186' title='bbox 215 2080 304 2133; x_wconf 92' lang='lat' dir='ltr'>mulus</span> <span class='ocrx_word' id='word_1_187' title='bbox 322 2096 425 2149; x_wconf 88' lang='lat' dir='ltr'>aprum.</span> <span class='ocrx_word' id='word_1_188' title='bbox 461 2080 547 2134; x_wconf 79' lang='lat' dir='ltr'>Orudi</span> <span class='ocrx_word' id='word_1_189' title='bbox 564 2081 718 2148; x_wconf 89' lang='lat' dir='ltr'>tumidique</span> <span class='ocrx_word' id='word_1_190' title='bbox 736 2082 863 2151; x_wconf 79' lang='lat' dir='ltr'>lavemur,</span> 
     </span>
    </p>

    <p class='ocr_par' dir='ltr' id='par_1_27' title="bbox 55 2155 734 2224">
     <span class='ocr_line' id='line_1_28' title="bbox 55 2155 734 2224; baseline 0 -14"><span class='ocrx_word' id='word_1_191' title='bbox 55 2157 137 2222; x_wconf 84' lang='lat' dir='ltr'>Quid</span> <span class='ocrx_word' id='word_1_192' title='bbox 157 2157 260 2221; x_wconf 73' lang='lat' dir='ltr'>deceat,</span> <span class='ocrx_word' id='word_1_193' title='bbox 279 2155 345 2224; x_wconf 90' lang='lat' dir='ltr'>quid</span> <span class='ocrx_word' id='word_1_194' title='bbox 362 2171 424 2223; x_wconf 91' lang='lat' dir='ltr'>non,</span> <span class='ocrx_word' id='word_1_195' title='bbox 442 2155 527 2222; x_wconf 91' lang='lat' dir='ltr'>obliti,</span> <span class='ocrx_word' id='word_1_196' title='bbox 547 2156 654 2210; x_wconf 72' lang='lat' dir='ltr'>Caerite</span> <span class='ocrx_word' id='word_1_197' title='bbox 672 2172 734 2210; x_wconf 85' lang='lat' dir='ltr'>cera</span> 
     </span>
    </p>

    <p class='ocr_par' dir='ltr' id='par_1_28' title="bbox 54 2231 748 2302">
     <span class='ocr_line' id='line_1_29' title="bbox 54 2231 748 2302; baseline -0.003 -14"><span class='ocrx_word' id='word_1_198' title='bbox 54 2233 155 2302; x_wconf 81' lang='lat' dir='ltr'>Digni,</span> <span class='ocrx_word' id='word_1_199' title='bbox 172 2232 316 2300; x_wconf 81' lang='lat' dir='ltr'>remigium</span> <span class='ocrx_word' id='word_1_200' title='bbox 334 2231 462 2285; x_wconf 85' lang='lat' dir='ltr'>vitiosum</span> <span class='ocrx_word' id='word_1_201' title='bbox 481 2231 632 2286; x_wconf 85' lang='lat' dir='ltr'>Ithacensis</span> <span class='ocrx_word' id='word_1_202' title='bbox 650 2231 748 2302; x_wconf 85' lang='lat' dir='ltr'>Ulixei,</span> 
     </span>
    </p>

    <p class='ocr_par' dir='ltr' id='par_1_29' title="bbox 55 2307 713 2378">
     <span class='ocr_line' id='line_1_30' title="bbox 55 2307 713 2378; baseline 0 -14"><span class='ocrx_word' id='word_1_203' title='bbox 55 2310 113 2364; x_wconf 86' lang='lat' dir='ltr'>Oui</span> <span class='ocrx_word' id='word_1_204' title='bbox 131 2309 224 2377; x_wconf 84' lang='lat' dir='ltr'>potior</span> <span class='ocrx_word' id='word_1_205' title='bbox 240 2308 330 2377; x_wconf 86' lang='lat' dir='ltr'>patria</span> <span class='ocrx_word' id='word_1_206' title='bbox 346 2307 399 2361; x_wconf 86' lang='lat' dir='ltr'>fuit</span> <span class='ocrx_word' id='word_1_207' title='bbox 417 2307 565 2362; x_wconf 87' lang='lat' dir='ltr'>interdicta</span> <span class='ocrx_word' id='word_1_208' title='bbox 582 2308 713 2378; x_wconf 84' lang='lat' dir='ltr'>voluptas.</span> 
     </span>
    </p>

    <p class='ocr_par' dir='ltr' id='par_1_30' title="bbox 55 2382 914 2456">
     <span class='ocr_line' id='line_1_31' title="bbox 55 2382 914 2456; baseline 0.001 -17"><span class='ocrx_word' id='word_1_209' title='bbox 55 2385 99 2450; x_wconf 80' lang='lat' dir='ltr'>si,</span> <span class='ocrx_word' id='word_1_210' title='bbox 119 2383 301 2436; x_wconf 86' lang='lat' dir='ltr'>Mimnermus</span> <span class='ocrx_word' id='word_1_211' title='bbox 318 2382 359 2436; x_wconf 87' lang='lat' dir='ltr'>uti</span> <span class='ocrx_word' id='word_1_212' title='bbox 377 2386 478 2450; x_wconf 86' lang='lat' dir='ltr'>censet,</span> <span class='ocrx_word' id='word_1_213' title='bbox 497 2382 555 2436; x_wconf 88' lang='lat' dir='ltr'>sine</span> <span class='ocrx_word' id='word_1_214' title='bbox 573 2400 665 2439; x_wconf 87' lang='lat' dir='ltr'>amore</span> <span class='ocrx_word' id='word_1_215' title='bbox 677 2385 802 2456; x_wconf 89' lang='lat' dir='ltr'>jocisque</span> <span class='ocrx_word' id='word_1_216' title='bbox 890 2399 914 2440; x_wconf 77' lang='lat' dir='ltr'>cc</span> 
     </span>
    </p>

    <p class='ocr_par' dir='ltr' id='par_1_31' title="bbox 55 2458 741 2530">
     <span class='ocr_line' id='line_1_32' title="bbox 55 2458 741 2530; baseline 0.003 -17"><span class='ocrx_word' id='word_1_217' title='bbox 55 2459 110 2514; x_wconf 87' lang='lat' dir='ltr'>Nil</span> <span class='ocrx_word' id='word_1_218' title='bbox 128 2463 174 2513; x_wconf 88' lang='lat' dir='ltr'>cst</span> <span class='ocrx_word' id='word_1_219' title='bbox 186 2459 346 2526; x_wconf 89' lang='lat' dir='ltr'>jucundum,</span> <span class='ocrx_word' id='word_1_220' title='bbox 364 2458 438 2510; x_wconf 82' lang='lat' dir='ltr'>vivas</span> <span class='ocrx_word' id='word_1_221' title='bbox 456 2458 485 2510; x_wconf 91' lang='lat' dir='ltr'>in</span> <span class='ocrx_word' id='word_1_222' title='bbox 504 2474 596 2513; x_wconf 89' lang='lat' dir='ltr'>amore</span> <span class='ocrx_word' id='word_1_223' title='bbox 610 2459 741 2530; x_wconf 90' lang='lat' dir='ltr'>jocisque.</span> 
     </span>
    </p>

    <p class='ocr_par' dir='ltr' id='par_1_32' title="bbox 54 2533 691 2602">
     <span class='ocr_line' id='line_1_33' title="bbox 54 2533 691 2602; baseline 0.003 -14"><span class='ocrx_word' id='word_1_224' title='bbox 54 2535 142 2601; x_wconf 85' lang='lat' dir='ltr'>Vive,</span> <span class='ocrx_word' id='word_1_225' title='bbox 161 2534 228 2588; x_wconf 87' lang='lat' dir='ltr'>vale.</span> <span class='ocrx_word' id='word_1_226' title='bbox 264 2535 292 2587; x_wconf 83' lang='lat' dir='ltr'>Si</span> <span class='ocrx_word' id='word_1_227' title='bbox 311 2533 378 2602; x_wconf 90' lang='lat' dir='ltr'>quid</span> <span class='ocrx_word' id='word_1_228' title='bbox 395 2533 495 2587; x_wconf 85' lang='lat' dir='ltr'>novisti</span> <span class='ocrx_word' id='word_1_229' title='bbox 512 2535 613 2590; x_wconf 88' lang='lat' dir='ltr'>rectius</span> <span class='ocrx_word' id='word_1_230' title='bbox 630 2537 691 2590; x_wconf 89' lang='lat' dir='ltr'>istis</span> 
     </span>
    </p>

    <p class='ocr_par' dir='ltr' id='par_1_33' title="bbox 56 2608 748 2678">
     <span class='ocr_line' id='line_1_34' title="bbox 56 2608 748 2678; baseline -0.001 -12"><span class='ocrx_word' id='word_1_231' title='bbox 56 2610 207 2666; x_wconf 82' lang='lat' dir='ltr'>Candidus</span> <span class='ocrx_word' id='word_1_232' title='bbox 224 2609 336 2678; x_wconf 88' lang='lat' dir='ltr'>imperti</span> <span class='ocrx_word' id='word_1_233' title='bbox 345 2629 352 2675; x_wconf 93' lang='lat'>;</span> <span class='ocrx_word' id='word_1_234' title='bbox 370 2608 393 2662; x_wconf 91' lang='lat' dir='ltr'>si</span> <span class='ocrx_word' id='word_1_235' title='bbox 410 2625 465 2664; x_wconf 86' lang='lat' dir='ltr'>non</span> <span class='ocrx_word' id='word_1_236' title='bbox 482 2608 525 2664; x_wconf 89' lang='lat' dir='ltr'>his</span> <span class='ocrx_word' id='word_1_237' title='bbox 542 2614 620 2665; x_wconf 87' lang='lat' dir='ltr'>utere</span> <span class='ocrx_word' id='word_1_238' title='bbox 637 2627 748 2666; x_wconf 82' lang='lat' dir='ltr'>mecum</span> 
     </span>
    </p>
   </div>
   <div class='ocr_carea' id='block_1_3' title="bbox 456 2751 527 2808">
    <p class='ocr_par' dir='ltr' id='par_1_34' title="bbox 456 2751 527 2808">
     <span class='ocr_line' id='line_1_35' title="bbox 456 2751 527 2808; baseline 0.042 -3"><span class='ocrx_word' id='word_1_239' title='bbox 456 2751 527 2808; x_wconf 81' lang='lat' dir='ltr'>VII:</span> 
     </span>
    </p>
   </div>
   <div class='ocr_carea' id='block_1_4' title="bbox 57 2832 793 3207">
    <p class='ocr_par' dir='ltr' id='par_1_35' title="bbox 57 2832 785 2978">
     <span class='ocr_line' id='line_1_36' title="bbox 57 2832 785 2906; baseline -0.001 -16"><span class='ocrx_word' id='word_1_240' title='bbox 57 2837 197 2901; x_wconf 79' lang='lat' dir='ltr'>Qnmcun</span> <span class='ocrx_word' id='word_1_241' title='bbox 215 2833 274 2888; x_wconf 90' lang='lat' dir='ltr'>dies</span> <span class='ocrx_word' id='word_1_242' title='bbox 291 2833 345 2888; x_wconf 86' lang='lat' dir='ltr'>tibi</span> <span class='ocrx_word' id='word_1_243' title='bbox 361 2832 499 2902; x_wconf 86' lang='lat' dir='ltr'>pollicitus</span> <span class='ocrx_word' id='word_1_244' title='bbox 515 2851 560 2888; x_wconf 89' lang='lat' dir='ltr'>me</span> <span class='ocrx_word' id='word_1_245' title='bbox 577 2849 641 2888; x_wconf 80' lang='lat' dir='ltr'>rure</span> <span class='ocrx_word' id='word_1_246' title='bbox 657 2833 785 2906; x_wconf 87' lang='lat' dir='ltr'>futurum,</span> 
     </span>
     <span class='ocr_line' id='line_1_37' title="bbox 57 2909 732 2978; baseline -0.006 -12"><span class='ocrx_word' id='word_1_247' title='bbox 57 2911 198 2966; x_wconf 81' lang='lat' dir='ltr'>Sextilem</span> <span class='ocrx_word' id='word_1_248' title='bbox 215 2912 306 2963; x_wconf 88' lang='lat' dir='ltr'>totum</span> <span class='ocrx_word' id='word_1_249' title='bbox 323 2909 442 2963; x_wconf 83' lang='lat' dir='ltr'>mendax</span> <span class='ocrx_word' id='word_1_250' title='bbox 460 2909 609 2963; x_wconf 89' lang='lat' dir='ltr'>desideror.</span> <span class='ocrx_word' id='word_1_251' title='bbox 645 2910 732 2978; x_wconf 87' lang='lat' dir='ltr'>Atqui</span> 
     </span>
    </p>

    <p class='ocr_par' dir='ltr' id='par_1_36' title="bbox 58 2985 793 3207">
     <span class='ocr_line' id='line_1_38' title="bbox 58 2985 745 3054; baseline -0.004 -13"><span class='ocrx_word' id='word_1_252' title='bbox 58 2988 91 3042; x_wconf 78' lang='lat' dir='ltr'>si</span> <span class='ocrx_word' id='word_1_253' title='bbox 109 3003 158 3040; x_wconf 89' lang='lat' dir='ltr'>me</span> <span class='ocrx_word' id='word_1_254' title='bbox 175 2985 268 3039; x_wconf 83' lang='lat' dir='ltr'>vivere</span> <span class='ocrx_word' id='word_1_255' title='bbox 285 2986 326 3039; x_wconf 87' lang='lat' dir='ltr'>vis</span> <span class='ocrx_word' id='word_1_256' title='bbox 345 3002 438 3040; x_wconf 86' lang='lat' dir='ltr'>sanum</span> <span class='ocrx_word' id='word_1_257' title='bbox 456 2989 587 3054; x_wconf 89' lang='lat' dir='ltr'>recteque</span> <span class='ocrx_word' id='word_1_258' title='bbox 604 2986 745 3054; x_wconf 86' lang='lat' dir='ltr'>valentem,</span> 
     </span>
     <span class='ocr_line' id='line_1_39' title="bbox 59 3060 793 3132; baseline 0 -16"><span class='ocrx_word' id='word_1_259' title='bbox 59 3065 154 3128; x_wconf 78' lang='lat' dir='ltr'>Quam</span> <span class='ocrx_word' id='word_1_260' title='bbox 171 3061 238 3114; x_wconf 90' lang='lat' dir='ltr'>mihi</span> <span class='ocrx_word' id='word_1_261' title='bbox 257 3061 307 3114; x_wconf 89' lang='lat' dir='ltr'>das</span> <span class='ocrx_word' id='word_1_262' title='bbox 325 3078 406 3128; x_wconf 77' lang='lat' dir='ltr'>aegro</span> <span class='ocrx_word' id='word_1_263' title='bbox 425 3060 502 3114; x_wconf 89' lang='lat' dir='ltr'>dabis</span> <span class='ocrx_word' id='word_1_264' title='bbox 519 3065 660 3129; x_wconf 88' lang='lat' dir='ltr'>aegrotare</span> <span class='ocrx_word' id='word_1_265' title='bbox 678 3061 793 3132; x_wconf 87' lang='lat' dir='ltr'>timenti,</span> 
     </span>
     <span class='ocr_line' id='line_1_40' title="bbox 58 3135 767 3207; baseline 0 -15"><span class='ocrx_word' id='word_1_266' title='bbox 58 3138 217 3204; x_wconf 87' lang='lat' dir='ltr'>Maecenas,</span> <span class='ocrx_word' id='word_1_267' title='bbox 234 3139 348 3203; x_wconf 86' lang='lat' dir='ltr'>veniam,</span> <span class='ocrx_word' id='word_1_268' title='bbox 367 3135 433 3188; x_wconf 88' lang='lat' dir='ltr'>dum</span> <span class='ocrx_word' id='word_1_269' title='bbox 451 3136 518 3188; x_wconf 88' lang='lat' dir='ltr'>ficus</span> <span class='ocrx_word' id='word_1_270' title='bbox 535 3137 623 3204; x_wconf 87' lang='lat' dir='ltr'>prima</span> <span class='ocrx_word' id='word_1_271' title='bbox 640 3137 767 3207; x_wconf 88' lang='lat' dir='ltr'>calorque</span> 
     </span>
    </p>
   </div>
   <div class='ocr_carea' id='block_1_5' title="bbox 0 0 1033 3416">
    <p class='ocr_par' dir='ltr' id='par_1_37' title="bbox 0 0 1033 3416">
     <span class='ocr_line' id='line_1_41' title="bbox 0 0 1033 3416; baseline 0 0"><span class='ocrx_word' id='word_1_272' title='bbox 0 0 1033 3416; x_wconf 95' lang='lat' dir='ltr'> </span> 
     </span>
    </p>
   </div>
  </div>
 </body>
</html>
