2008 3416
390 129 595 180 oARMINUM
611 129 665 180 ΠΙ.
684 133 723 180 30.

238 213 360 270 Fortuna
377 227 458 264 saevo
474 210 548 264 laeta
564 210 674 278 negotio
692 213 722 264 et

238 287 346 344 Ludum
363 286 526 340 insolentem
543 285 639 338 ludere
656 285 783 354 pertinax
805 293 808 301 ¹

272 363 448 418 Transmutat
464 362 582 414 incertos
600 361 724 427 honores,

307 439 333 492 N
335 454 387 492 une
403 437 477 504 mihi,
494 453 566 490 nunc
583 437 629 490 alii
647 436 769 504 benigna

239 515 334 570 Laudo
350 518 523 578 manentem;
540 513 563 565 si
580 513 682 566 celeres
699 513 789 580 quatit

240 591 347 644 Pennas
364 589 472 657 resigno
490 605 560 656 quae
578 577 710 654 dedisset
727 604 789 644 mea

274 665 387 718 Virtute
403 682 448 718 me
465 664 572 717 involvo
587 663 754 732 probamque

310 739 471 807 Pauperiem
489 739 546 792 sine
564 739 629 792 dote
646 755 754 806 quaero.

240 813 304 869 Non
322 817 365 867 est
381 829 473 867 meum
490 813 514 866 si
531 813 636 882 mugiat
653 813 755 868 Africis

241 889 331 943 Malus
347 889 473 956 procellis
490 889 527 942 ad
544 890 657 942 miseras
674 905 767 956 preces

274 965 435 1031 Decurrere,
453 967 483 1018 et
499 965 569 1018 votis
586 964 684 1032 panisei

310 1039 336 1093 N
338 1057 354 1094 e
371 1039 485 1108 Cypriae
502 1039 651 1108 Tyriaeque
668 1053 771 1094 meroes

242 1114 358 1170 Addant
374 1131 455 1168 avaro
472 1114 582 1167 divitias
599 1115 683 1168 mari:

243 1191 317 1244 Tune
333 1207 378 1244 me
394 1189 506 1243 biremis
523 1189 659 1258 praesidio
676 1188 791 1257 scaphae
808 1245 811 1252 ,

276 1266 377 1318 Tutum
394 1281 444 1332 per
462 1266 587 1332 Aegaeos
603 1264 737 1318 tumultus

310 1341 390 1393 Aura
405 1338 478 1393 feret
494 1339 672 1407 geminusque
690 1337 793 1394 Pollux.

485 1485 575 1541 XXX.

242 1570 334 1624 uxum
350 1572 553 1624 monumentum
570 1585 635 1623 aere
651 1569 795 1637 perennius

242 1645 391 1714 Regalique
408 1645 463 1698 situ
479 1644 649 1713 pyramidum
665 1645 753 1712 altius,

242 1721 323 1785 Quod
339 1738 393 1774 non
409 1720 497 1774 imber
514 1720 592 1786 edax,
609 1736 664 1773 non
682 1720 782 1788 Aquilo
798 1719 939 1788 impotens
971 1747 973 1752 ·

243 1797 334 1850 Possit
351 1795 460 1848 diruere
477 1799 526 1848 aut
542 1794 745 1848 innumerabilis

242 1871 384 1925 Annorum
402 1871 485 1922 series
502 1873 532 1922 et
548 1870 612 1937 fuga
628 1873 788 1938 temporum.
941 1888 957 1930 s

241 1945 269 1999 N
270 1961 305 1998 on
321 1945 407 1997 omnis
424 1944 531 2012 moriar,
549 1945 689 2012 multaque
705 1961 768 2013 pare
786 1949 841 2000 mei

242 2019 351 2074 Vitabit
368 2019 530 2074 Libitinam:
548 2035 635 2088 usque
652 2035 702 2088 ego
718 2023 828 2088 postera

242 2095 368 2150 Oreseam
385 2094 465 2149 laude
482 2111 578 2148 reeens
595 2095 660 2148 dum
678 2094 839 2163 Capitolium

242 2171 361 2225 Soandet
377 2187 438 2225 eum
456 2171 539 2224 taeita
555 2169 660 2237 virgine
676 2170 806 2237 pontifex.

241 2246 325 2304 Dicar
342 2263 396 2314 qua
412 2245 514 2298 violens
532 2244 666 2313 obstrepit
683 2244 800 2298 Aufidus
928 2262 955 2303 ro

241 2320 279 2374 nt
296 2337 350 2388 qua
366 2336 470 2388 pauper
487 2337 573 2388 aquae
591 2320 704 2372 Daunus
721 2319 868 2388 agrestium

242 2393 377 2461 Regnavit
393 2394 561 2462 populorum,
579 2411 614 2448 ex
630 2395 725 2447 humili
742 2398 845 2462 potens,

241 2467 372 2537 Princeps
390 2469 516 2522 Aeolium
534 2486 642 2524 carmen
659 2469 695 2522 ad
714 2468 798 2522 Italos

241 2542 395 2598 Deduxisse
413 2543 514 2598 modos.
549 2544 631 2598 Sume
648 2543 802 2612 superbiam

242 2618 398 2682 Quaesitum
415 2619 521 2672 meritis
538 2622 566 2672 et
583 2618 650 2672 mibi
668 2617 800 2688 Delphica
925 2637 953 2677 15

242 2692 332 2748 Lauro
348 2694 425 2763 cinge
442 2694 542 2765 voleus,
559 2693 739 2766 Melpomene,
756 2707 871 2748 comam.
