2008 3416
314 117 530 167 SATIRARUM
547 118 584 168 11.
604 121 626 169 3.
850 117 896 167 113

16 197 17 224 ¹
50 198 118 253 Illud
135 199 212 253 idem
227 198 256 252 in
274 198 401 267 rapidum
418 199 519 253 flumen
534 199 675 267 jaceretve
692 199 826 258 cloacaml

50 273 138 336 Quinti
157 274 302 344 progenies
321 275 394 342 Arri,
412 292 463 344 par
480 275 570 330 nobile
587 276 642 329 frat
630 280 711 345 t,rum

49 349 177 418 Nequitia
194 354 224 404 et
240 350 320 417 nugis
338 365 483 418 pravorum
501 355 531 404 01
548 367 640 405 amore
657 353 809 420 gemellum,

49 424 184 480 Luscinias
203 426 302 480 soliti'
294 442 416 493 impenso
434 427 570 495 prandere
587 431 732 495 coemptas,
858 440 894 482 110

14 482 181 564 [Quorsum
199 501 317 556 abeantl
336 501 418 572 Sabin
435 506 518 569 creta,
535 518 570 556 an
588 502 705 556 carbone
722 503 850 558 notandil

49 576 202 632 Aedificare
220 593 304 644 casas,
321 563 447 645 plostello
464 577 614 646 adjungere
631 595 731 646 mures,

49 649 154 708 Ludere
171 669 222 722 par
239 653 335 720 impar,
353 653 502 720 equitare
494 669 523 705 in
540 653 673 707 arundine
690 653 778 722 longa,

49 725 72 780 Si
90 746 172 798 quem
191 725 311 782 delectet
328 727 473 781 barbatum
491 729 610 782 amentia
627 733 725 784 verset.

48 802 73 855 Si
89 805 222 873 puerilius
239 804 282 857 his
299 804 370 858 ratio
387 820 448 858 esse
465 805 571 858 evincet
588 821 687 870 amare,
858 820 893 860 rte

48 878 101 934 blec
118 881 271 950 quidquam
289 879 399 934 differre
417 883 545 934 utrumne
563 881 592 933 in
612 881 723 949 pulvere
742 881 840 935 trimus

12 967 13 996 l
49 954 128 1018 Quale
145 957 223 1026 prius
240 955 319 1009 ludas
337 971 411 1024 opus,
431 971 465 1008 an
483 956 634 1010 meretricis
652 973 744 1009 amore

48 1030 180 1086 Sollicitus
197 1032 297 1101 plores,
316 1048 418 1100 quaero
434 1031 552 1085 faciasne
570 1031 644 1099 quod
662 1031 727 1084 olim

48 1106 169 1162 Mutatus
187 1107 332 1162 Polemoni
349 1123 434 1175 ponas
450 1107 568 1174 insignia
584 1106 680 1172 morbi,

48 1180 187 1251 immolas,
206 1182 315 1250 cubital‚
332 1182 435 1249 focalia,
453 1187 535 1250 potus
552 1185 584 1235 ut
601 1181 648 1234 ille
858 1196 893 1234 ‘255

47 1255 150 1312 Dicitur
168 1275 205 1312 01
222 1258 291 1312 00110
308 1257 403 1310 furtim
422 1257 555 1326 carpsisse
574 1272 686 1312 coronas

11 1329 12 1384 l
47 1331 193 1402 Postquam
211 1337 255 1388 est
271 1333 401 1401 impransi
418 1337 559 1401 correptus
577 1349 642 1388 voce
659 1331 799 1401 magistril

47 1406 164 1478 Porrigis
181 1410 252 1463 irato
269 1425 355 1477 puero
372 1425 433 1462 cum
450 1425 531 1477 poma
548 1411 667 1464 recusat:

10 1525 11 1558 3
47 1483 132 1554 Sume,
152 1485 263 1540 catello!
283 1488 366 1552 negat
373 1505 380 1550 ;
399 1483 422 1536 si
440 1501 494 1537 non
513 1484 563 1538 des
580 1488 670 1554 optet:
688 1487 795 1539 amator
885 1487 890 1498 '

10 1559 11 1594 ἒ
46 1557 176 1615 llxclusus
194 1561 241 1630 qui
259 1560 346 1614 distat
364 1560 422 1628 agit
439 1559 487 1612 ubi
505 1576 597 1614 secum
615 1563 660 1614 eat
676 1576 712 1613 an
729 1577 784 1614 non
860 1577 894 1612 :ue

9 1664 10 1668 =
47 1634 102 1699 Quo
120 1637 261 1691 rediturus
279 1639 339 1690 crat
356 1641 409 1688 non
427 1636 579 1698 arcessitus,
597 1637 627 1690 et
643 1635 739 1689 haeret

47 1709 143 1766 invisis
160 1711 279 1766 foribusl
297 1711 336 1764 ‘N
338 1728 369 1765 ec
386 1727 458 1764 nunc
475 1728 536 1764 cum
554 1727 599 1765 me
616 1714 695 1764 vocat
711 1711 784 1764 ultro

47 1788 199 1843 Accedami
218 1805 253 1841 an
270 1787 362 1856 potius
379 1787 498 1840 mediter
515 1787 594 1840 finire
612 1787 736 1840 dolores?

9 1883 10 1888 ¹
47 1861 182 1928 Exclusit3
200 1866 322 1917 revocat:
341 1861 469 1916 redeam?
505 1861 569 1915 Non
588 1861 611 1915 si
628 1861 767 1917 obsecret’
803 1862 874 1916 Ecce
927 1859 930 1866 ’

47 1937 143 1993 Servus
161 1953 216 1992 non
233 1937 313 2007 paulo
331 1937 493 2006 sapientior:
531 1936 565 1990 ‘O
580 1937 658 2004 ·,here
677 1954 810 2006 quaeres
856 1954 892 1994 aes

46 2014 102 2069 Nec
118 2015 233 2068 modum
249 2013 333 2067 babet
349 2029 439 2082 neque
457 2013 596 2066 consilium
613 1979 718 2066 1011010
735 2014 871 2082 modoque

46 2090 165 2146 Tractari
183 2107 238 2144 non
254 2089 320 2143 vult.
357 2089 391 2142 In
409 2105 500 2142 amore
517 2088 584 2142 haec
599 2091 662 2142 sunt
678 2081 757 2156 mala,
771 2088 882 2157 bellum,

46 2166 101 2220 Pax
118 2182 242 2221 rursum:
260 2165 365 2218 haec'
345 2181 367 2218 s1
386 2164 447 2232 quis
464 2164 636 2232 tempestatis
648 2180 737 2233 prope
750 2129 808 2219 'ritu

46 2241 157 2296 Mobilis
175 2244 206 2295 et
223 2256 303 2294 caeca
320 2239 456 2293 fluitantia
474 2243 547 2294 sorte
567 2239 674 2294 laboret

46 2317 174 2373 Reddere
192 2319 268 2370 certa
286 2313 345 2382 sibi,
364 2315 447 2367 nihilo
465 2314 526 2384 plus
545 2315 663 2384 explicet
680 2315 752 2370 acsi
855 2331 892 2372 rra
921 2375 926 2384 ,

46 2393 167 2448 insanire
185 2395 265 2462 paret
282 2393 359 2444 certa
376 2390 483 2444 ratione
500 2390 649 2458 modoque?

47 2469 122 2537 Quid,
142 2485 204 2523 cum
223 2466 330 2520 Picenis
348 2481 495 2534 excerpens
513 2467 616 2520 semina
632 2466 720 2536 pomis

47 2546 154 2600 Gaudes
172 2543 196 2597 01
214 2557 349 2597 cameram
366 2541 487 2610 percusti
504 2541 583 2608 forte,
601 2559 685 2610 penes
702 2546 731 2596 10
743 2545 790 2598 001

47 2622 122 2690 Quid,
142 2636 204 2674 cum
221 2617 304 2672 balba
320 2617 386 2671 feris
404 2631 504 2670 annoso
521 2615 605 2670 verba
621 2617 719 2686 palato,

46 2697 218 2751 ludificante
236 2709 313 2746 casas
331 2693 378 2761 qui
395 2691 502 2746 saniori
538 2691 620 2744 Adde
638 2708 761 2746 cruorem
854 2712 889 2750 110

45 2772 184 2827 stultitiae
197 2771 282 2838 atque
293 2769 385 2836 ignem
398 2766 489 2834 gladio
501 2769 629 2820 scrutare.
665 2767 757 2834 Modo,
770 2767 888 2839 inquam,

45 2847 161 2902 Hellade
179 2859 308 2913 pereussa
324 2841 429 2896 Marius
446 2857 508 2896 cum
524 2840 687 2910 praecipitat
705 2858 734 2896 00
750 2839 754 2847 “

45 2924 167 2978 Oerritus
184 2920 245 2988 fuit,
263 2935 299 2973 an
316 2920 466 2972 commotae
483 2916 596 2970 crimine
613 2917 713 2970 mentis

44 2998 178 3052 Absolvcs
195 2995 333 3049 hominem
350 2996 380 3048 01
397 2993 506 3046 00010110
523 2991 664 3045 damnabis
682 2992 807 3064 eundem,
873 3061 875 3067 Ι

42 3073 82 3128 111
99 3088 177 3127 more
194 3071 338 3140 imponens
356 3073 471 3136 cognata
487 3068 617 3122 vocabula
634 3067 733 3126 rebusl
853 3086 889 3124 aaa

42 3149 200 3204 Libertinus
217 3149 285 3213 erat,
303 3143 350 3213 qui
367 3145 468 3196 circum
486 3143 605 3210 compita
620 3143 708 3199 siccus
