2008 3416
339 104 553 153 SATIRARUM
570 104 594 152 Ι.
613 105 636 152 1.
866 105 911 152 105

53 183 123 238 Sese
140 183 228 251 ferre,
249 198 328 238 senes
345 188 378 238 nt
394 181 423 237 ln
441 185 496 238 otia
512 188 574 238 tuta
590 184 729 252 recedant,

54 259 154 326 Aiunt,
176 276 263 328 quum
282 253 334 312 sibi
352 259 409 312 sint
427 253 554 327 congesta
571 259 685 314 cibaria:
704 260 775 313 sicut

55 334 186 401 Parvula,
205 352 270 388 nam
289 333 413 401 exemplo
431 338 480 401 est,
499 335 589 402 magni
607 335 719 388 formica
736 334 836 387 laboris

56 410 115 464 Ore
132 411 224 464 trahit
244 410 425 478 quodcunque
441 413 532 478 potest
550 413 634 478 atque
652 411 731 462 addit
748 425 851 476 acervo,

59 487 149 550 Quem
170 485 253 538 struit
271 484 344 537 haud
361 485 457 551 ignara
473 501 504 538 ac
521 501 574 537 non
591 486 700 537 incauta
716 484 809 537 futuri.
887 497 911 538 ³⁵

59 562 146 630 Quae,
166 561 248 614 simul
265 561 402 613 inversum
420 561 561 613 contristat
580 560 717 628 Aquarius
735 574 843 626 annum,

60 637 125 690 Non
143 653 262 704 usquam
279 635 403 704 prorepit
421 637 449 687 et
466 634 519 687 illis
536 634 625 688 utitur
642 637 706 687 ante

62 712 203 775 Quaesitis
221 711 343 778 sapiens3
361 725 444 777 quum
462 713 491 763 te
508 726 597 778 neque
614 709 734 762 fervidus
751 712 842 762 aestus

61 786 217 839 Demoveat
235 785 316 852 lucro,
334 801 423 852 neque
440 784 533 851 hierna,
551 785 629 852 ignia,
646 801 728 851 mare,
746 785 856 850 ferrum,

63 863 89 914 N
91 862 111 914 il
129 861 224 914 obstet
241 859 292 913 tibi
310 860 376 913 dum
392 876 428 912 ne
447 860 483 913 ait
499 863 529 913 te
547 859 630 912 ditior
648 859 723 912 alter.
887 873 911 910 ro

65 937 138 1000 Quid
152 936 236 1004 juvat
252 936 414 988 immensum
430 939 460 988 te
477 935 584 1002 argenti
602 934 709 1003 pondus
727 938 756 988 et
773 933 832 986 auri

52 1012 175 1064 'Furtim
193 1011 300 1064 defossa
316 1011 443 1063 timidum
462 1010 599 1078 deponere
616 1011 707 1062 terral

65 1086 213 1150 “Quodsi
231 1085 395 1139 comminuas
413 1085 493 1138 vilem
512 1085 653 1152 redigatur
670 1085 707 1137 ad
723 1083 833 1136 assem.’'

66 1164 107 1215 At
124 1162 154 1215 ni
173 1161 203 1214 id
220 1161 252 1214 fit
269 1161 336 1229 qnid
353 1160 437 1213 habet
454 1160 560 1229 pulchri
577 1162 748 1212 constructus
766 1160 895 1212 acervus?

65 1237 156 1289 Millia
173 1236 302 1289 fmmenti
320 1239 368 1288 tua
385 1235 494 1289 triverit
511 1252 574 1288 area
592 1237 708 1300 centum,
890 1248 913 1287 rs

66 1312 130 1365 Non
148 1315 214 1364 tuus
231 1311 281 1363 hoc
299 1311 389 1378 capiet
406 1314 501 1364 venter
518 1311 580 1378 plna
597 1325 629 1362 ac
646 1325 735 1362 meus:
753 1311 785 1361 ut
802 1307 826 1361 si

67 1381 226 1440 Reticr'rlum
242 1387 321 1454 panis'
337 1386 445 1438 venales
463 1387 538 1438 inter.
554 1389 652 1438 onusto

67 1463 154 1516 Forte
172 1461 255 1514 vehas
273 1461 393 1528 humero,
410 1461 494 1512 nihilo
511 1460 572 1527 plus
590 1459 705 1527 occipias
723 1473 805 1526 quam

67 1537 122 1601 Qui
139 1537 180 1589 nil
189 1537 320 1605 'portarit
356 1535 409 1588 Vel
428 1535 471 1588 dic
490 1535 556 1603 <inid
573 1535 676 1588 referat
692 1534 765 1586 intra

66 1613 193 1666 Naturae
210 1612 277 1664 fines
294 1611 403 1678 viventi,
418 1610 516 1678 jugera
534 1615 642 1664 centnm
660 1627 694 1662 an
891 1621 916 1662 to

67 1689 147 1742 Mille
167 1688 241 1740 aret?
278 1687 341 1740 “At
358 1703 440 1739 suave
458 1690 502 1738 est
519 1702 553 1738 ex
571 1701 668 1752 magno
685 1684 782 1736 tollere
799 1683 916 1736 acervo.’'

66 1765 143 1818 Dum
162 1779 197 1816 ex
213 1778 296 1830 parvo
314 1761 391 1814 nobis
410 1761 571 1814 tantundem
589 1761 698 1814 haurire
716 1759 859 1827 relinquas,

67 1841 126 1893 Cur
143 1841 193 1891 tua
210 1837 270 1904 plns
287 1836 382 1890 laudes
400 1836 516 1890 cumeris
533 1836 657 1904 granaria
674 1835 791 1896 nostris?

1 1915 2 1918 ’
65 1915 108 1968 Ut
126 1912 222 1968 tibist
240 1913 276 1965 ait
294 1929 362 1981 opus
379 1912 476 1980 liquidi
493 1927 547 1964 non
565 1911 680 1978 amplius
697 1927 772 1977 urna,

67 1989 123 2043 Vel
144 1987 249 2055 cyatho,
266 1991 295 2040 et
313 1988 395 2056 dicas,
414 1987 537 2054 “Magno
555 1986 591 2040 de
607 1985 717 2038 flumine
735 1984 827 2037 malim
895 2000 919 2039 55

67 2066 161 2128 Quam
179 2079 213 2116 ex
229 2063 279 2116 hoc
296 2063 426 2116 fonticulo
443 2062 606 2115 tantundem
625 2059 753 2114 sumere.''
778 2059 818 2112 Eo
836 2059 870 2112 fit

67 2139 183 2193 Plenior
199 2141 232 2191 ut
249 2137 272 2190 si
291 2153 367 2205 quoa·¹
377 2137 496 2191 delectet
513 2137 590 2204 copia
602 2136 679 2203 justo

66 2216 142 2269 Cum
160 2213 219 2282 ripa
237 2213 316 2266 simul
334 2213 440 2266 avulsos
457 2213 528 2268 ferat
547 2211 663 2265 Aufidus
682 2227 750 2265 acer.

65 2293 111 2349 At
129 2289 179 2358 qui
197 2289 295 2342 tantuli
314 2292 377 2356 eget
395 2291 497 2357 quanto
516 2291 558 2340 est
577 2303 644 2356 opus
661 2288 690 2342 is·
702 2304 791 2356 neque
809 2286 873 2339 limo

1 2369 2 2386 ³
65 2364 425 2433 Turbatamhauritaquam
433 2362 855 2431 nequevitumamittitinundia
897 2375 921 2415 to

65 2443 111 2496 At
130 2440 204 2494 bona
216 2443 285 2508 'pars
302 2439 440 2492 hominum
458 2439 572 2506 deceptu
590 2439 716 2506 cupidine
733 2439 807 2505 falso,

1 2525 2 2536 ¹
64 2514 144 2569 “Nil
157 2515 222 2568 satis
234 2515 298 2581 eat‚”
309 2513 413 2582 inquit;
426 2513 441 2540 “
449 2514 512 2582 quia
520 2513 592 2567 tanti
605 2519 736 2582 quantum
748 2513 849 2566 habeas
862 2511 919 2564 sis?

66 2589 150 2655 Quid
166 2590 248 2642 facias
266 2589 323 2644 illil
359 2588 463 2642 Jubcas
480 2589 608 2641 miserum
627 2605 686 2642 csse
703 2588 822 2640 libenter

64 2666 215 2731 Quatenus
231 2664 262 2718 id
278 2664 359 2730 facit3
375 2667 408 2717 ut
426 2663 534 2732 quidam
555 2667 720 2719 memoratur
739 2659 856 2714 Athenis

64 2739 207 2796 Sordidus
225 2756 256 2792 ac
274 2740 357 2806 divos,
375 2739 466 2808 populi
484 2746 656 2792 contemnere
673 2752 752 2789 voces
898 2750 921 2788 ⁶⁵
995 2750 1003 2764 ·

64 2817 115 2871 Sic
137 2815 246 2869 solitus:
264 2814 407 2884 “Populus
425 2831 468 2868 me
487 2814 592 2877 sibilat3
610 2811 722 2864 etmihi
740 2809 840 2879 plaudo

1 2913 2 2960 p
65 2893 140 2960 Ipse
159 2890 233 2942 domi
251 2890 330 2943 simul
348 2907 380 2943 ao
397 2907 518 2943 nummos
537 2886 703 2954 contemplor
721 2885 749 2938 in
767 2885 851 2938 arca.'’

1 2985 2 2998 ¹
65 2965 205 3020 Tantalus
222 2981 239 3018 a
255 2964 339 3019 labris
357 2965 450 3021 sitiens
467 2964 600 3035 fugientia
617 2964 709 3029 captat

65 3041 337 3104 Flumina....Quid
356 3041 446 3096 rideat
463 3042 569 3096 mutato
587 3037 695 3090 nomine
713 3038 747 3093 de
765 3042 795 3094 te

65 3115 178 3170 Fabula
197 3120 334 3170 narratur:
354 3115 488 3183 congestis
505 3112 626 3180 undiquc
644 3114 727 3169 saccis
897 3129 919 3168 ro

967 1365 978 1395 N
