2036 3416
372 137 575 188 cARnssNUM
590 139 613 186 1.
634 141 671 186 12.

199 219 291 284 Quem
308 219 412 273 deum?
448 216 535 286 Cujus
552 217 655 271 recinet
667 215 762 285 jocosa

235 293 343 346 Nomen
361 293 452 360 imago

200 367 262 436 Aut
278 368 306 420 iu
324 367 460 421 umbrosis
479 367 619 422 Heliconis
636 367 691 421 orie

199 446 262 498 Aut
279 459 363 512 super
381 442 476 510 Piudog
494 443 620 510 gelidove
637 443 665 496 iu
684 442 791 498 Haemo

198 518 284 573 Unde
301 517 421 571 vocalem
438 521 544 572 temere
561 518 699 574 insecutae

236 592 348 662 Orphea
365 593 450 647 silvae

201 668 274 723 Arte
290 671 415 722 materna
432 667 543 738 rapidos
559 671 710 722 morantem

201 743 359 798 Flumiuum
376 743 469 813 lapsus
486 743 644 813 celeresque
661 746 765 809 ventos,

201 818 338 873 Blandum
356 823 386 873 et
402 820 508 875 auritas
523 819 624 876 fidibus
641 820 746 874 canons

236 893 346 948 Ducere
364 896 498 964 quercus?

202 967 276 1032 Quid
292 969 370 1038 prius
386 969 476 1024 dicam
493 969 580 1024 solitis
597 970 719 1038 parentis

201 1043 350 1112 Laudibus,
368 1046 416 1114 qui
433 1061 478 1099 res
495 1045 633 1098 hominum
651 1061 682 1100 ae
699 1046 819 1117 deorum,

201 1118 256 1184 Qui
273 1136 348 1174 mare
366 1137 398 1174 ac
415 1124 504 1174 terras
521 1121 658 1190 variisque
675 1120 808 1174 rnuudrun

237 1194 383 1264 Temperat
399 1195 492 1250 horisl

202 1268 286 1324 Unde
303 1270 341 1324 nil
358 1269 447 1339 maius
463 1274 610 1338 generatur
626 1269 693 1338 ipso,

203 1344 230 1396 N
232 1361 264 1398 eo
280 1345 355 1413 viget
371 1346 521 1415 quidquam
539 1346 627 1399 simile
644 1349 692 1400 aut
710 1344 871 1400 secundum:

203 1419 345 1473 Proximos
361 1421 401 1475 illi
418 1423 512 1475 tamen
529 1421 670 1489 occupavit

239 1495 328 1548 Pallas
345 1495 468 1550 honores.
602 1547 605 1554 .

203 1568 319 1623 Proeliis
336 1571 427 1624 audax
443 1587 534 1640 neque
551 1575 580 1624 tc
598 1571 683 1625 silebo

204 1644 295 1713 Liber,
312 1648 342 1699 ct
359 1646 447 1700 saevis
463 1646 572 1700 inimica
589 1647 675 1714 Virgo

205 1719 306 1788 Beluis,
324 1737 375 1775 nec
392 1725 428 1788 te,
446 1721 593 1775 metuende
610 1726 686 1776 certa

239 1795 349 1849 Phoebe
367 1797 474 1864 sagitta.

203 1869 300 1924 Dicam
318 1874 349 1926 et
367 1871 483 1926 Alciden
500 1888 653 1942 puerosque
671 1872 771 1942 Ledae,

205 1945 286 1999 Hunc
304 1946 389 2016 cquis,
406 1947 484 2000 illum
501 1965 632 2016 superare
649 1949 747 2017 pugnis

205 2020 348 2087 Nobilem
366 2039 481 2090 quorum
498 2023 578 2077 simul
595 2023 658 2078 alba
674 2024 766 2079 nautis

239 2095 325 2150 Stella
342 2097 457 2165 refulsit,

205 2170 311 2224 Defluit
328 2173 399 2225 saxis
417 2173 537 2240 agitatus
554 2173 659 2242 humor,

931 141 946 186 9

205 2245 360 2300 concidunt
377 2249 451 2302 uenti
469 2249 631 2318 fugiuntque
647 2250 741 2318 nubes,
857 2309 859 2314 ,
946 2279 950 2288 ’

205 2321 243 2376 Et
259 2321 359 2390 minax,
377 2323 452 2392 quod
470 2324 509 2377 sic
525 2325 641 2393 voluere,
659 2330 743 2396 ponto

239 2395 323 2450 Unda
339 2398 481 2453 recumbit.

206 2470 352 2526 Romulum
369 2478 432 2542 post
449 2474 498 2527 hos
515 2474 591 2542 pn'us
608 2491 642 2530 an
660 2477 783 2546 quietum

206 2546 323 2616 Pompili
340 2565 455 2616 regnum
473 2565 622 2604 memorem
639 2568 674 2606 an
692 2551 824 2620 superbos

205 2621 335 2691 'l'arquini
353 2625 440 2678 fasces
458 2623 562 2694 dubito,
579 2642 615 2679 au
633 2627 743 2682 Catonis

240 2697 340 2753 Nobile
356 2699 450 2754 letum.

206 2771 342 2841 Regulum
359 2777 388 2828 ct
406 2775 528 2843 Scauros,
545 2776 705 2846 animaeque
722 2793 835 2845 magnae

206 2846 355 2917 Prodigum
374 2850 497 2904 Paullum
515 2856 661 2918 superante
680 2853 777 2916 Poeno,

206 2921 308 2977 Gratus
324 2925 424 2993 insigni
442 2926 559 2980 referam
579 2927 703 2996 Camena,

240 2998 458 3070 Fabriciuinque.

205 3071 288 3128 Hunc
305 3078 334 3129 et
351 3075 493 3144 incomptis
511 3075 623 3131 Curium
641 3079 745 3148 capillis

205 3147 310 3203 Utilem
327 3149 399 3202 bello
417 3151 481 3204 tulit
499 3155 528 3202 et
547 3151 689 3204 Camillum
