2008 3416
107 113 153 161 rao
369 65 583 152 snuuslauru
600 101 623 150 1.
644 105 681 152 ιο.

105 187 214 244 Vilibus
231 189 259 243 in
277 189 350 243 ludis
369 191 466 244 dictari
484 191 602 244 carmina
620 191 719 246 malisl
940 206 967 248 75

104 264 132 320 N
133 281 168 319 on
180 282 230 332 ego
237 286 243 330 ;
261 282 324 318 nam
337 266 402 319 satis
418 269 461 318 est
470 267 590 334 equitem
600 267 666 319 milri
675 266 814 335 plaudere,
822 269 854 321 ut
865 266 965 320 audax

104 340 276 408 Contemptis
294 341 354 394 eliis
372 341 483 411 explosa
501 341 655 395 Arbuscula
672 343 749 396 dixit.

105 414 171 470 Meu
189 419 297 469 moveat
314 417 402 470 cimex
421 415 562 485 Pantilius,
580 421 629 470 aut
645 418 748 471 cruciet
767 415 840 486 quod

105 490 223 548 llellicet
240 491 381 544 absentem
399 492 564 559 Demetrius,
584 495 632 544 aut
650 492 724 561 quod
741 493 851 560 ineptus

109 565 230 620 Fannius
244 567 424 635 Hermogenis
441 567 533 620 laedat
550 567 661 620 conviva
679 567 794 636 Tigelli?
937 583 965 622 so

106 640 211 696 Plotius
229 645 258 696 et
276 642 382 708 Varius,
402 643 546 696 Maecenas
564 642 759 712 Virgiliusque,

105 715 219 784 Valgius
237 721 266 770 at
283 717 382 783 probet
400 712 468 771 haec
487 717 622 786 Octavius,
640 719 758 787 optimus
776 721 860 786 atque

106 791 209 845 Fuscus
227 795 256 844 et
274 791 339 845 haec
356 793 461 846 utinam
479 792 622 847 Viscorum
640 794 735 850 laudet
751 798 884 864 uterque!

106 867 265 920 Ambitione
283 867 405 935 relegata
421 872 451 922 te
470 869 561 923 dicere
578 886 695 938 possum,

106 941 200 1008 Pollio,
218 945 254 1008 to,
273 941 407 1010 Messalla,
426 947 475 997 tuo
492 961 553 997 cum
570 945 663 1015 fratrc,
681 945 816 1015 simulque
902 1015 906 1020 Ι
934 961 962 1001 ss

106 1017 171 1086 Vos,
190 1017 288 1072 Bibule
305 1021 335 1072 et
353 1019 438 1087 Servi,
457 1020 537 1073 simul
554 1019 597 1074 his
614 1024 651 1088 te,
669 1021 784 1075 candide
800 1022 896 1092 Furni,

105 1092 266 1162 Complures
283 1093 357 1162 alios,
375 1095 468 1148 doctos
486 1112 536 1162 ego
554 1111 622 1164 quos
640 1099 669 1150 et
685 1097 785 1150 amicos

107 1168 232 1223 Prudens
249 1174 410 1238 p1·actcreo;
428 1171 525 1238 quibus
542 1170 616 1238 liaeo,
635 1175 698 1225 sunt
715 1171 923 1242 qualiacunque,

107 1244 240 1298 Amidere
258 1245 346 1313 velim,
365 1245 498 1297 doliturus
516 1245 539 1298 si
556 1245 680 1312 placeant
697 1262 746 1315 spo

107 1319 235 1373 Deterius
252 1324 351 1374 nostra
387 1319 517 1388 Demetri,
535 1323 626 1388 teque,
645 1321 748 1388 Tigelli,
931 1340 958 1380 90

107 1394 305 1462 Discipularum
322 1395 394 1448 inter
407 1395 493 1462 jubeo
510 1395 616 1462 plorare
633 1395 783 1450 cathedras.

108 1469 131 1539 I,
147 1485 224 1540 puer,
240 1474 323 1540 atque
339 1485 400 1526 meo
418 1470 487 1525 citus
504 1470 570 1524 hacc
587 1469 725 1544 subscribe
741 1471 841 1528 libello.
