2044 3416
304 111 561 164 EPISTOLARUM
578 114 600 164 Ι.
621 115 658 164 16.
859 111 902 163 177

46 269 91 323 Nn
110 267 286 339 perconteris
303 269 404 323 fundus
422 201 520 336 miletisI
525 271 628 338 optime
646 270 747 339 Quinti,

46 348 125 398 Arvo
143 347 242 413 pascat
259 344 356 398 herum
374 362 409 398 an
427 346 515 400 baccis
533 347 674 414 opulentet
691 346 785 416 olivae,

47 421 182 474 Pomisne
200 423 230 474 et
246 421 334 488 pratis
352 438 387 474 an
404 422 560 476 amictant
540 421 621 475 'tibus
639 422 719 489 ulmo²

47 495 197 549 Scribetur
214 495 265 549 tibi
283 497 372 550 forma
389 497 539 566 loquaciter
557 501 586 551 et
604 498 674 550 situs
692 497 757 564 agri.

4 571 182 625 Continui
199 575 307 625 montes
324 572 353 624 ni
371 572 517 626 dissocient
505 577 551 626 tur
569 589 653 642 opaea
892 585 905 626 ι

47 647 140 714 Valle,
161 646 213 700 sed
229 651 261 701 ut
278 648 391 701 veriiens
409 648 537 701 dextrum
556 641 595 702 lat
583 652 628 702 tus
646 647 778 717 adspiciat
766 645 849 714 ssu,

47 722 177 776 Laevum
195 721 339 776 discedens
356 739 438 776 curru
455 723 577 812 fugiente
595 728 714 792 vaporet.

48 797 226 866 Temperiem
244 797 347 852 leudes
382 798 463 866 Quid,
481 799 504 852 si
521 798 673 852 rubicunda
690 797 801 866 benigni

4 871 144 926 Coma
164 889 261 940 vepres
279 877 309 928 et
326 890 413 941 pruna
430 875 527 943 ferant,
546 874 569 926 si
587 891 703 943 quercus
720 878 749 928 et
766 875 821 927 ilex

48 947 146 1001 Multa
164 948 244 1016 fruge
261 965 344 1016 pecus
362 949 448 1002 multa
466 916 605 1002 doniinum
619 949 700 1018 juvet
717 943 853 1028 umbra,
883 961 906 1000 ιο

49 1023 139 1076 Dicas
159 1023 310 1078 adductum
327 1025 438 1092 propius
455 1025 583 1078 frondere
601 1025 756 1078 Tarentum.

50 1098 129 1152 Fons
149 1099 233 1152 etiam
249 1100 309 1152 rivo
326 1099 392 1154 dare
410 1116 508 1154 nomen
526 1100 646 1167 idoneus,
665 1103 696 1153 ut
713 1115 763 1152 nec

4 1173 197 1242 Frigidior
214 1175 346 1228 Thracam
363 1191 412 1229 nec
429 1175 523 1244 purior
540 1175 643 1229 ambiat
661 1173 780 1243 Hebrus,

51 1251 173 1304 Infirmo
191 1251 273 1320 capiti
291 1251 352 1305 fluit
369 1251 452 1319 utilis,
470 1251 546 1305 utilis
563 1251 631 1305 alvo.

52 1327 119 1381 Hae
138 1325 261 1380 latebrae
280 1326 381 1391 dulces,
399 1327 482 1380 etiam
500 1327 527 1380 si'
541 1325 630 1380 credis
648 1343 783 1394 amoenae,
884 1339 905 1379 ιι

53 1403 228 1458 Imolumem
245 1401 297 1456 tibi
315 1418 359 1455 me
377 1405 517 1470 praestant
536 1401 744 1470 Septembribus
760 1400 841 1454 horis

53 1479 98 1533 Τιι
114 1481 193 1532 recte
210 1477 277 1530 vivis
295 1477 318 1530 si
335 1494 413 1530 curas
431 1494 491 1531 esso
510 1478 583 1546 quod
600 1477 686 1532 audis.

53 1555 73 1608 J
75 1558 202 1608 actamns
215 1552 381 1621 jampridem
400 1553 486 1606 omnis
502 1556 531 1606 te
551 1553 637 1606 Roma
654 1552 779 1616 beatum3

54 1631 113 1682 Sed
131 1645 229 1682 vereor
246 1645 282 1681 ne
300 1628 344 1681 cui
362 1627 397 1681 de
414 1633 444 1682 te
460 1629 522 1696 plus
540 1645 622 1696 quam
640 1627 691 1681 tibi
708 1627 811 1694 eredas,

54 1705 137 1758 Neve
154 1705 236 1772 putes
252 1703 336 1756 otium
354 1703 476 1772 sapiente
493 1702 619 1772 bonoque
636 1703 756 1771 beatum,
853 1738 856 1746 ι
877 1726 902 1765 20

54 1781 121 1834 Neu
140 1780 164 1832 si
181 1783 211 1833 te
229 1778 345 1847 populus
364 1795 459 1831 sanum
477 1783 606 1848 recteque
623 1779 757 1832 valentem

55 1855 176 1910 Dietitet
194 1854 327 1907 occultam
344 1853 449 1907 febrem
467 1854 518 1907 sub
535 1858 644 1923 tempus
662 1852 762 1907 edendi

55 1929 230 1997 Dissimules‚
249 1929 334 1983 donec
351 1929 476 1983 manibus
493 1933 596 1984 tremor
613 1929 716 1983 incidat
733 1928 829 1983 unctis.

54 2008 212 2062 Stultorum
229 2006 353 2060 incurata
369 2006 459 2074 pudor
476 2007 563 2060 malus
580 2007 671 2060 ulcera
688 2004 765 2060 celat.
892 2057 893 2061 ,

54 2083 87 2136 Si
105 2082 169 2150 quis
186 2081 260 2136 bella
276 2081 328 2136 tibi
345 2085 420 2136 terra
436 2085 557 2150 pugnata
574 2081 696 2148 marique
884 2091 908 2132 ιι

54 2157 143 2211 Dicat
160 2161 190 2211 et
207 2157 249 2211 his
266 2157 357 2210 verbis
374 2173 472 2210 vacuas
489 2157 656 2225 permulceat
674 2171 766 2209 aures:

55 2234 154 2288 “Tene
170 2233 257 2301 magis
275 2233 378 2286 salvum
396 2233 511 2302 populus
529 2233 596 2286 velit
614 2249 648 2286 an
665 2231 796 2301 populum
813 2232 846 2284 tu

56 2311 159 2363 Servet
175 2308 204 2362 in
221 2307 347 2376 ambiguo
365 2308 413 2377 qni
430 2307 546 2362 consulit
564 2312 592 2362 et
609 2307 661 2360 tibi
679 2311 707 2361 et
724 2306 786 2360 urbi

55 2385 76 2439 J
77 2384 224 2455 uppiter;”
245 2383 365 2451 Augusti
383 2382 479 2436 laudes
496 2400 645 2451 agnoscere
661 2383 762 2452 possis:

55 2463 130 2518 Cum
148 2459 252 2529 pateris
270 2461 378 2528 sapiens
396 2458 610 2528 emendatusque
627 2459 725 2526 vocari,

55 2536 256 2607 Respondesne
273 2538 321 2588 tuo
339 2533 383 2588 dic
401 2534 481 2586 sodes
498 2535 622 2588 nominet
657 2534 764 2602 Nempe

54 2614 111 2668 Vir
128 2611 217 2666 bonus
236 2614 266 2664 et
282 2610 404 2680 prudens
422 2609 476 2662 dici
494 2609 617 2663 delector
634 2625 685 2676 ego
703 2625 734 2662 ac
751 2612 790 2661 tu.

56 2688 112 2752 Qui
132 2687 211 2741 dedit
228 2687 280 2740 hoe
298 2685 380 2739 hodie
398 2702 458 2741 cras
476 2686 499 2738 si
516 2685 590 2738 volet
607 2685 720 2750 auferet,
738 2686 770 2736 nt
787 2682 811 2735 si
852 2705 855 2710 ·

55 2762 199 2817 Detulen't
217 2762 305 2816 fasces
322 2761 433 2828 indigno
452 2760 580 2814 detrahet
596 2758 678 2812 idem.

55 2839 163 2907 “,Pone
181 2855 273 2892 meum
291 2837 366 2891 est:'’
383 2836 480 2904 inquit.
516 2835 591 2888 Pono
608 2834 750 2902 tristisque
768 2832 874 2887 recedo.
886 2849 910 2889 es

56 2915 142 2968 Idem
160 2913 183 2967 si
200 2913 300 2966 clamet
288 2913 413 2980 tfurem,
430 2913 514 2978 neget
531 2926 591 2964 esse
608 2908 745 2978 pudicum,

57 2988 218 3044 Contendat
234 2987 332 3056 laqueo
350 2987 447 3040 collum
465 2987 596 3055 pressisse
613 2988 772 3054 paternum;

57 3065 191 3120 Mordear
208 3063 360 3133 opprobriis
378 3062 453 3115 falsis
471 3065 629 3130 mutemque
647 3060 765 3115 colores?

57 3141 159 3194 Falsus
176 3139 262 3193 honor
275 3138 357 3207 juvat
374 3141 404 3190 et
420 3136 539 3189 mendax
556 3136 668 3189 infamia
685 3138 772 3190 terret
890 3152 911 3190 ιι
