2008 3416
111 83 143 135 3⁶
341 69 512 118 casuum
529 69 725 121 suenorum.

282 160 370 214 Roma
387 159 410 214 si
427 162 548 214 vestrum
565 161 609 213 est
626 174 702 227 opus,
721 157 847 228 Iliaeque

282 237 375 291 Littus
392 235 538 290 Etrursoum
555 236 670 287 tenuere
688 237 804 302 turmae,

282 311 368 367 iusso
384 326 448 378 pars
464 312 572 362 mutere
591 307 678 362 Lares
695 311 726 362 et
742 308 840 363 urbem

317 386 426 454 Sospite
443 400 531 452 cursu
951 400 984 440 so

284 461 336 518 cui
352 477 403 529 per
420 458 562 514 ardentem
580 458 639 513 sine
656 458 754 513 froude
771 458 884 528 'lrojam

285 537 384 592 Castus
402 538 512 590 Aeneas
529 535 635 603 patriae
653 537 791 602 superstes

215 649 217 657 ·
284 611 415 666 Liberum
432 609 547 664 munivit
563 609 625 676 iter,
643 609 758 664 daturus

320 687 403 740 Plura
420 685 538 740 relictis:

285 761 330 830 Di,
345 760 443 829 probos
461 777 549 816 mores
567 759 649 814 docili
662 759 801 828 juventae,
946 773 978 813 4⁵

286 837 330 903 Di,
349 836 483 890 senectuti
500 836 623 904 placidae
641 836 770 904 quietem,

286 912 419 968 Romulae
435 912 511 979 genti
529 911 725 981 datoremque
743 910 904 980 prolemque

321 987 359 1041 Et
376 986 460 1040 decus
477 990 573 1043 omne!
870 1039 879 1057 ,

287 1063 418 1132 Quaeque
435 1077 482 1116 vos
499 1061 586 1122 bobus
603 1065 749 1117 veneratur
765 1060 834 1116 albis

287 1139 383 1194 Clarus
402 1136 539 1191 Anchisae
557 1137 729 1206 Venerisque
745 1135 864 1204 sangrds,
943 1149 973 1191 to

287 1214 430 1282 Impetret‚
449 1211 568 1266 bellante
584 1214 667 1281 prior,
680 1212 822 1280 J'aeentem

321 1287 404 1342 Lenis
420 1288 450 1342 in
467 1287 589 1343 hostem!

286 1362 352 1418 Jam
369 1363 438 1416 mari
455 1366 585 1430 terreque
602 1379 698 1416 manus
715 1363 843 1430 potentes

287 1438 387 1493 Medus
405 1438 580 1508 Albanasque
597 1438 678 1492 timet
695 1452 811 1503 secures,
989 1503 990 1510 ἵ

287 1515 353 1570 Jam
370 1513 486 1584 Scythae
502 1529 631 1582 responsa
646 1515 746 1582 petunt
763 1509 874 1580 superbi
945 1522 973 1564 σε

322 1589 425 1656 Nuper,
444 1592 474 1644 et
492 1588 565 1642 Indi.

288 1663 353 1718 Jam
371 1665 453 1718 Fides
470 1667 500 1718 et
518 1663 577 1718 Pax
594 1665 623 1718 et
640 1663 735 1718 Honos
753 1661 902 1730 Pudorque

289 1737 399 1792 Priscus
416 1742 446 1792 et
462 1739 587 1806 neglectu
603 1738 694 1792 redire
711 1737 808 1790 Virtus

290 1812 393 1879 Audet,
410 1817 578 1882 apparetque
595 1813 676 1868 beata
692 1812 772 1881 pleno

325 1887 408 1956 Cepia
425 1903 516 1942 cornu.
568 1941 569 1946 ,
931 1885 972 1940 'eo

290 1964 388 2032 Augur
406 1966 436 2018 et
451 1963 574 2032 dulgente
592 1963 707 2018 deosum
723 1979 789 2018 arcu

291 2037 417 2094 Phoebus
434 2043 616 2108 acceptusque
633 2053 731 2092 novem
749 2037 882 2106 Camenis,

291 2115 344 2179 Qui
360 2114 473 2170 salutari
490 2114 564 2168 levet
574 2116 641 2168 arte
658 2113 744 2166 fessos

325 2189 452 2257 Corporis
469 2193 552 2257 artus,

292 2263 322 2318 Si
339 2263 476 2318 Palatinas
493 2264 571 2318 videt
587 2279 690 2332 aequus
707 2278 798 2318 arces.
947 2274 971 2316 ee

291 2338 416 2407 Remque
434 2339 584 2394 Romanum
604 2339 775 2407 Latiumque,
793 2336 860 2390 felix
987 2405 991 2416 -

292 2414 419 2470 Alterum
436 2414 465 2468 in
482 2414 598 2468 lustrum
615 2413 767 2482 meliusque
784 2427 893 2480 semper

325 2489 459 2558 Proroget
476 2506 580 2544 aerum.

291 2564 422 2634 Quaeque
440 2565 607 2620 Aventinum
624 2566 702 2619 tenet
720 2561 915 2630 Algidumque,

291 2641 452 2706 Quindecim
469 2639 559 2693 Diana
575 2655 670 2708 preces
687 2639 808 2692 virerum
948 2651 971 2694 le

290 2717 377 2771 Curet
393 2719 423 2769 et
439 2715 510 2769 votis
527 2731 674 2784 puerorum
691 2713 793 2768 amicas

325 2791 455 2858 Applicet
472 2806 558 2844 aures.

290 2864 367 2918 Haeo
384 2865 487 2918 Jovem
500 2863 602 2918 sentire
619 2864 741 2933 deosque
757 2865 871 2917 cunctos

290 2937 372 3004 Spem
389 2939 487 2991 bonam
505 2942 662 3007 certamque
679 2938 791 2992 domum
809 2939 929 3008 reperte,

290 3009 394 3063 Doctus
412 3016 441 3065 et
459 3012 563 3065 Phoebi
581 3013 679 3067 chorus
695 3017 726 3067 et
743 3013 850 3068 Dianae
949 3045 970 3084 u

326 3083 425 3136 Dicere
441 3085 545 3140 laudes
