2044 3416
103 83 148 130 158
215 77 365 127 HORA'HI
383 77 512 126 FLACCI
529 77 747 128 SATIRARUM
763 80 802 130 Π.
821 83 846 130 8.

103 160 158 214 vix
175 161 290 228 poterat.
325 153 437 212 Balatro
456 159 625 226 suspendens
643 160 735 222 omnia
752 176 838 228 naso,-

104 235 195 289 ‘Haec
212 237 255 288 est
272 234 391 288 conditio
406 231 531 301 vivendi‚’
550 228 650 300 aiebat,
669 234 772 302 ‘eoque
954 252 989 292 cs

104 311 278 380 Responsura
294 313 342 363 tuo
359 325 497 378 nunquam
515 312 558 363 est
573 325 625 376 par
641 309 714 362 fama
731 309 825 363 labori.

104 386 227 440 Tenent
244 401 294 452 ego
310 384 427 452 accipiar
444 383 518 438 laute
535 385 691 452 torquerier
707 386 780 439 omni

106 460 292 515 Sollicitudine
309 460 473 526 districtum,
490 475 525 512 ne
543 459 621 528 panis
639 460 761 527 adustus,
801 465 806 472 ’

106 536 150 590 Ne
166 537 237 590 male
255 535 393 590 conditum
406 535 454 604 jus
471 539 630 603 apponatur,
648 538 681 588 ut
697 552 791 590 omnes

107 612 259 666 Praecincti
276 615 350 665 reete
366 610 444 679 pueri
462 610 617 678 comptique
634 610 806 665 ministrent!
949 629 981 668 ro

107 687 190 741 Adde
208 688 257 740 hos
274 689 415 755 praeterea
432 701 517 752 casus,
535 685 630 739 aulaea
647 689 728 740 ruant
746 687 770 740 si
1005 699 1006 704 ’

107 762 149 816 Ut
165 762 261 825 modo;
284 762 307 814 si
324 761 444 830 patinam
461 760 534 829 pede
550 761 642 830 lapsus
659 761 767 830 frangat
784 777 875 830 agaso.

40 871 44 882 ·
109 837 164 891 Sed
182 837 359 890 convivatoris
376 836 417 890 uti
434 835 510 888 ducis
527 835 665 904 ingenium
682 853 727 889 res

109 911 250 966 Adversas
266 911 376 964 nudare'
389 911 483 976 solent,
502 910 590 964 celare
609 910 756 966 secundae?

109 987 272 1041 Nasidienus
290 980 423 1041 adhaec:
441 986 515 1039 ‘Tibi
533 985 562 1039 di
580 1003 756 1056 quaecunque
770 989 892 1056 preceris
943 1005 975 1046 ⁷⁵
1005 1023 1006 1036 κ

111 1063 258 1118 Commoda
274 1063 358 1116 dent!
394 1062 440 1115 Ita
456 1061 498 1114 vir
515 1061 602 1115 bonus
619 1079 650 1116 es
667 1063 831 1131 convivaque
848 1063 963 1119 comis?

110 1139 147 1193 Et
164 1140 251 1194 soleas
267 1138 360 1207 poscit.
395 1137 463 1190 'lum
481 1137 509 1190 in
526 1137 598 1201 lecto
616 1155 723 1207 quoque
740 1133 860 1193 videres
956 1159 972 1186 ο

111 1215 233 1270 stridere
251 1217 355 1280 secreta
372 1213 473 1266 divisos
490 1229 556 1267 aure
575 1215 721 1268 susurros.”

111 1287 230 1344 “Nullos
246 1289 289 1342 his
306 1289 415 1342 mallem
432 1286 510 1342 ludos
528 1292 681 1356 spectasse;
698 1289 747 1342 sed
763 1288 811 1342 illa

112 1363 210 1419 Redde
227 1381 278 1433 age
295 1379 366 1432 quae
384 1364 510 1433 deinceps
527 1363 632 1418 risisti.”
662 1364 813 1418 “Vibidius
830 1363 899 1419 dum
939 1384 970 1423 so

113 1440 224 1504 Quaerit
241 1441 277 1494 de
293 1439 385 1508 pueris
401 1441 467 1492 num
484 1439 521 1493 sit
539 1455 646 1508 quoque
664 1439 751 1494 fracta
768 1441 871 1510 lagena,

113 1516 192 1580 Quod
209 1515 261 1569 sibi
277 1515 399 1582 poscenti
416 1529 469 1568 non
487 1514 589 1568 dantur
604 1515 708 1584 pocula,
726 1516 845 1584 dumque

112 1590 233 1664 Ridetur'
247 1591 317 1644 fietis
333 1605 425 1644 rerum
443 1590 589 1644 Balatrone
607 1591 732 1660 secundo,

112 1666 267 1735 Nasidiene,
283 1665 358 1719 redis
375 1669 497 1720 mutatae
514 1666 618 1734 frontis,
635 1669 668 1720 ut
690 1671 750 1722 arto

113 1743 312 1796 Emendaturus
328 1741 480 1806 fortunam3
498 1741 597 1795 deiude
615 1743 702 1796 secuti
763 1768 766 1772 ·
936 1761 966 1802 85
1005 1799 1006 1804 χ

77 1847 79 1852 .
113 1817 270 1870 Maronomo
286 1815 365 1884 pueri
382 1831 480 1884 magno
498 1817 635 1886 discerpta
652 1818 773 1872 ferentes

113 1891 237 1946 Membra
253 1889 329 1959 gruis
346 1892 432 1959 sparsi
448 1892 506 1946 sale
522 1893 617 1962 multo,
635 1909 688 1947 non
707 1893 765 1948 sine
781 1895 866 1960 farre;

113 1966 261 2036 Pinguibus
278 1969 308 2021 et
325 1966 383 2020 ficis
399 1971 508 2036 pastum
522 1968 602 2036 Jecur
618 1969 722 2023 anseris
739 1969 818 2023 albae

112 2043 150 2098 Et
165 2044 288 2113 leporum
306 2042 419 2111 avulsos,
436 2046 468 2097 ut
484 2044 570 2097 multo
588 2045 703 2112 suavius,
722 2061 817 2113 armos,

113 2119 200 2182 Quam
216 2119 239 2173 si
256 2135 317 2172 cum
332 2117 431 2172 lumbis
447 2119 508 2187 quis
524 2118 598 2184 edit;
615 2122 675 2172 tum
690 2123 801 2188 pectore
817 2119 914 2174 adusto
933 2139 960 2178 oo
1005 2117 1006 2122 ¹

112 2194 239 2247 Vidimus
256 2197 285 2247 et
301 2193 418 2246 mendas
434 2194 499 2262 poni
517 2198 546 2248 et
564 2194 621 2247 sine
632 2195 717 2248 'clune
733 2195 880 2266 palumbes,
1005 2187 1006 2194 ¹

113 2269 214 2323 Suaves
230 2285 282 2336 res,
300 2269 322 2320 si
339 2283 393 2321 non
410 2285 503 2324 causas
520 2273 644 2324 narraret
661 2287 755 2324 earum
772 2275 802 2326 et

112 2345 232 2399 Naturae
250 2343 389 2410 dominus3
407 2361 489 2414 quem
505 2363 554 2400 nos
572 2347 611 2402 sic
627 2346 745 2415 fugimus
762 2347 821 2415 ulti,

112 2413 153 2475 Ut
169 2421 236 2474 nihil
253 2420 360 2474 omnino
377 2425 553 2490 gustaremus,
572 2423 647 2476 velut
664 2423 717 2476 illis
1005 2483 1006 2490 χ

113 2495 226 2554 Canidia
243 2497 360 2552 afflasset
375 2497 455 2568 pejor
471 2500 645 2569 serpentibus
663 2496 760 2556 Afris.”
931 2517 958 2559 ss
1005 2499 1006 2560 ζ
