2036 3416
251 85 458 135 unanimum
475 85 529 136 111.
547 88 586 148 m,
604 89 643 148 aa,
662 90 702 138 24.
862 107 888 151 m

334 203 339 211 ’
425 239 523 296 xxm.

188 323 324 378 Mororum
341 326 434 377 custos
450 340 654 394 nemorumque,
673 326 766 397 Virgo,

190 400 262 463 Quae
279 399 435 453 laborantes
452 403 532 453 utero
548 401 653 469 puellas

189 474 240 529 'l'er
256 479 352 528 vocata
370 474 449 527 andis
466 474 618 543 adimisque
635 476 698 545 leto,

221 549 291 602 Diva
308 550 449 615 triformis,

188 625 336 680 Imminens
353 615 433 678 villae
450 627 498 679 tua
514 625 595 694 pinus
612 629 678 693 esto,

188 701 273 763 Quam
289 717 342 768 per
359 703 469 754 exactos
486 717 538 768 ego
555 702 644 756 laetus
660 719 744 758 annos

187 775 280 830 Verris
298 775 437 843 obliquum
454 777 614 832 meditantis
630 777 714 832 ictum

217 849 351 918 Sanguine
368 849 474 905 donem.
516 908 519 916 ,

416 991 536 1047 ΧΧΙΙῙ.“

187 1070 279 1127 Ounno
297 1073 406 1142 supinas
424 1075 447 1127 si
464 1074 560 1128 tuleris
577 1089 673 1130 manus

186 1146 321 1212 Nascento
339 1149 424 1217 Luna,
440 1150 543 1204 mistica
561 1150 682 1218 Phidyle,

220 1224 248 1279 Si
265 1225 347 1279 thure
364 1226 480 1294 placaris
497 1230 527 1280 et
544 1225 630 1279 borna

253 1300 343 1368 Fruge
361 1299 447 1354 Lares
465 1299 599 1370 avidaque
615 1315 704 1370 porca

185 1372 243 1428 Neo
259 1375 433 1446 pestilentem
452 1375 554 1430 sentiet
572 1375 697 1429 Africum

186 1449 313 1504 Fecunda
330 1450 394 1505 vitis
411 1467 462 1505 nec
479 1450 600 1505 sterilem
617 1467 696 1520 seges

219 1524 380 1594 Robiginem
396 1529 446 1580 aut
462 1527 556 1580 dulces
572 1526 674 1580 alumni

251 1601 388 1655 Pomifero
404 1618 488 1670 grave
506 1606 615 1670 tempus
632 1616 709 1656 anno.

185 1673 211 1729 N
212 1693 255 1730 am
273 1694 343 1746 quae
361 1677 444 1730 nivali
461 1678 582 1746 pascitur
600 1677 703 1745 Algido

185 1750 290 1806 Devota
307 1769 423 1820 quercus
440 1752 513 1806 inter
530 1755 559 1806 et
575 1752 651 1806 ilices

218 1829 278 1882 Aut
295 1828 395 1882 crescit
413 1827 529 1882 Albanis
546 1828 575 1880 in
591 1827 685 1882 herbis
754 1841 757 1848 ⁴

251 1903 373 1958 Victima
389 1903 548 1971 pontificum
565 1919 675 1958 secures

185 1977 295 2032 Cervice
313 1979 419 2046 tinget:
437 1982 467 2032 te
484 1979 551 2032 nibil
568 1979 669 2032 attinet

147 2099 152 2103 .
185 2053 301 2108 Tentare
318 2055 406 2108 murita
422 2053 506 2108 caede
523 2053 677 2108 bidentium

219 2129 320 2184 Parvos
337 2133 511 2184 coronantem
528 2129 633 2204 marino

252 2204 325 2258 Rure
342 2203 409 2258 deos
425 2205 570 2273 fragilique
587 2206 683 2273 myrto·
706 2229 709 2236 Δ

186 2278 318 2334 Immunis
334 2296 410 2334 aram
428 2280 451 2333 si
468 2280 563 2346 tetigit
578 2295 682 2347 manus,

121 2396 125 2403 ,
185 2353 212 2408 Ν
213 2371 247 2408 on
265 2359 425 2424 sumptuosa
441 2355 566 2409 blandior
582 2355 672 2410 hostia

219 2431 337 2484 Mollivit
353 2447 463 2484 aversos
482 2431 599 2484 Penates

244 2504 337 2560 'Ferre
353 2506 399 2575 pio
416 2509 446 2560 et
462 2505 576 2560 saliente
593 2506 669 2561 mica.

423 2645 528 2701 XXIV.

185 2727 313 2783 limacum
331 2727 485 2797 opulentior
734 2783 736 2786 ,

217 2803 360 2857 'thesauris
379 2803 504 2857 Arabum
521 2806 551 2857 et
567 2800 661 2856 divitis
679 2799 777 2854 Indiae
865 2805 867 2810 '

184 2877 340 2934 Oacmentis
356 2879 421 2932 licet
437 2893 553 2946 occupes
985 2913 986 2956 ἑ

217 2953 388 3021 Tyrrhenum
405 2969 484 3006 omne
501 2953 557 3006 tuis
574 2954 695 3006 otmaro
714 2948 868 3020 Apulicum,
984 2957 986 3010 J

182 3027 213 3084 Si
230 3029 292 3096 tigit
308 3028 498 3084 adamantinos

217 3103 336 3158 Summis
353 3102 501 3157 verticibus
519 3101 578 3156 dira
597 3101 753 3157 Necessitas
789 3121 791 3126 ·
