2044 3416
95 53 142 102 152
369 50 523 100 HORATII
540 51 669 98 FLACCI

94 127 118 184 Ὁ
135 133 229 184 noctes
246 146 400 206 coenasque
417 128 515 183 deum!
541 128 641 197 quibus
658 129 717 196 ipse
734 127 846 196 meique
946 143 981 184 65
1003 109 1004 184 i

96 193 170 258 Ante
188 201 287 260 Larem
303 205 443 274 proprium
460 221 554 258 vescor
570 221 722 272 vernasque
738 218 869 272 procaces

96 262 182 334 Pasce
199 265 291 334 libatis
309 273 431 348 dapibus.
468 277 554 333 Prout
570 273 668 348 cuique
685 279 772 332 libido
789 276 847 332 esti

97 345 185 408 siccat
202 344 358 424 inaequales
376 355 472 409 calices
490 352 608 422 conviva,
627 353 731 408 solutus

97 421 217 497 Legibus
234 424 343 497 insanis,
361 448 410 484 seu
427 429 489 499 quis
506 429 580 498 capit
597 429 670 498 acria
686 429 766 482 fortis

98 495 198 559 Pocula
214 523 262 561 seu
280 506 393 562 modieis
410 505 515 559 uvescit
526 501 637 559 laetius.
673 505 745 572 Ergo
942 519 977 560 vo
1003 513 1004 542 ³

99 581 193 635 Sermo
211 583 304 650 oritur,
322 599 375 636 non
394 579 518 648 devillis
535 578 694 634 domibusve
713 579 815 646 alienis,

98 656 125 709 N
127 673 158 710 eo
174 659 245 710 male
262 675 347 712 necne
366 658 454 726 Lepos
472 657 567 720 saltet;
586 655 636 709 sed
653 654 727 723 quod
739 655 826 720 mam's
844 656 884 707 ad
901 671 972 708 nos
1003 683 1004 686 ¹

100 731 224 786 Pertinet
242 736 271 786 et
288 732 392 786 nescire
410 733 511 786 malum
529 735 573 784 est
590 731 738 799 agitamus:
754 733 886 784 utrumne

60 802 64 810 ’
99 806 209 860 Divitiis
225 807 349 861 homines
367 824 402 861 an
420 808 475 862 sint
492 807 595 861 virtute
613 806 703 871 beati;

100 882 206 946 Quidve
224 881 260 936 ad
277 881 416 950 amicitias,
434 899 500 936 usus
517 886 664 948 rectumne,
681 881 775 935 trahat
790 896 857 947 nos;
939 895 972 936 7⁵

99 959 137 1012 Et
154 975 223 1026 quae
242 959 278 1012 sit
295 961 393 1012 natura
409 958 474 1012 boui
492 973 680 1026 summumque
698 953 765 1026 quid
781 955 849 1024 ejus.

100 1032 213 1087 Cervius
230 1034 296 1088 haec
313 1034 386 1088 inter
405 1033 506 1088 vicinus
523 1031 610 1100 garrit
626 1031 712 1086 aniles

99 1107 142 1161 llx
159 1125 190 1162 re
205 1109 325 1164 fabellas.
360 1109 390 1164 Si
408 1109 468 1176 quis
485 1108 661 1162 namlaudat
680 1107 767 1162 Arelli

100 1183 233 1238 Sollicitas
250 1185 360 1252 ignarus
378 1199 450 1251 opes,
469 1183 507 1237 sio
524 1183 633 1252 incipit:
653 1181 748 1235 “Olim
789 1191 797 1198 ·’

100 1257 228 1314 Rusticus
245 1261 380 1314 urbanum
397 1275 502 1312 murem
519 1275 580 1312 mus
597 1274 717 1327 paupere
734 1257 822 1310 fertur
937 1274 970 1313 so

99 1337 245 1404 Accepisse
263 1353 335 1404 cavo,
354 1338 475 1389 veterem
493 1338 572 1388 vetus
589 1334 686 1402 hospes
704 1333 826 1399 amicum,

100 1411 191 1480 Asper
208 1415 238 1465 et
255 1415 379 1465 attentus
397 1409 536 1479 quaesitis,
553 1413 586 1464 ut
603 1412 804 1464 tarnen‘artum

99 1486 223 1541 Solveret
240 1487 366 1556 hospitiis
385 1487 513 1540 animum.
548 1485 622 1550 Quid
638 1485 741 1539 multal
759 1500 849 1552 neque
868 1483 921 1540 ille

99 1561 217 1631 Sepositi
235 1563 331 1618 ciceris
348 1579 399 1616 nec
416 1562 513 1629 longae
530 1561 630 1615 invidit
647 1577 757 1628 avenae,
1003 1563 1004 1566 ’

99 1638 218 1692 Aridum
236 1641 265 1692 et
282 1655 330 1692 ore
347 1637 562 1692 ferens-acinum
580 1652 740 1705 semesaque
756 1633 827 1688 lardi
935 1651 967 1690 85

99 1713 201 1768 Frusta
218 1713 304 1781 dedit,
322 1713 435 1781 cupiens
452 1713 527 1766 varia
543 1713 655 1766 fastidia
671 1727 755 1766 coena

99 1789 217 1842 Vincere
235 1789 372 1854 tangentis
389 1787 460 1842 male
479 1787 585 1856 singula
603 1787 688 1841 dente
706 1785 838 1855 superb03

99 1863 169 1918 (lum
186 1866 264 1930 pater
281 1863 340 1930 ipse
358 1861 455 1916 domus
472 1863 551 1931 palea
568 1866 711 1932 porrectus
728 1862 757 1914 in
773 1861 861 1914 horna

98 1939 179 1992 Esset
197 1937 264 1992 ador
281 1937 437 2008 loliumque,
457 1939 535 2007 dapis
553 1939 665 1992 meliora
681 1936 846 2005 relinquens.

98 2015 219 2068 Tandem
226 2013 346 2070 urbanus
355 2015 392 2069 ad
400 2015 485 2069 hunc:
498 2015 584 2080 ‘Quid
592 2018 622 2068 te
630 2013 724 2082 juvat,’
733 2011 831 2079 inquit,
843 2011 962 2082 ‘amice,
1003 2079 1004 2084 ἵ

99 2090 243 2158 Praerupti
265 2091 385 2145 nemoris
402 2091 553 2159 patientem
571 2089 663 2144 vivere
681 2088 778 2142 dorsol
921 2103 958 2143 ·91

98 2165 150 2218 Vis
167 2169 199 2219 tu
216 2166 339 2220 homines
356 2165 507 2236 urbemque
524 2166 591 2220 feris
608 2180 776 2234 praeponere
793 2161 887 2217 silvisi
922 2196 927 2206 ·

99 2240 187 2308 Carpe
203 2241 282 2306 viam,
300 2241 367 2294 mihi
384 2243 476 2310 crede,
494 2258 599 2308 comes3
616 2240 760 2295 terrestria
776 2237 886 2318 quande

98 2315 229 2368 Mortales
246 2315 349 2370 animas
367 2317 462 2370 vivunt
479 2317 584 2385 sortita,
602 2332 693 2384 neque
709 2314 766 2367 ulla
783 2316 827 2366 cst

98 2392 158 2445 Aut
175 2406 272 2458 magno
289 2394 338 2444 aut
354 2408 437 2460 parvo
454 2392 504 2446 leti
522 2392 598 2460 fuga:
624 2407 685 2460 quo,
702 2389 781 2457 bone,
799 2387 879 2455 circa,
929 2405 959 2445 9⁵

98 2466 171 2520 Dum
188 2466 252 2520 lieet
269 2465 297 2520 in
316 2467 398 2520 rebus
412 2466 541 2535 jucundis
559 2467 623 2534 vive
641 2466 753 2528 beatus3

98 2542 170 2596 Vive
187 2558 291 2596 memor
309 2559 391 2610 quam
408 2543 445 2596 sis
463 2543 523 2596 aevi
541 2541 646 2596 brevis?
683 2541 761 2594 Haeo
778 2538 827 2592 ubi
844 2537 922 2592 dicta

98 2617 245 2686 Agrestem
262 2619 392 2688 pepulere
409 2618 490 2671 domo
508 2618 576 2672 levis
594 2617 701 2682 exsilit3
718 2615 784 2668 inde

98 2693 189 2746 Ambo
206 2694 376 2762 propositum
393 2696 529 2761 peragunt
546 2693 607 2760 iter,
625 2692 702 2745 urbis
719 2691 833 2744 aventes
882 2700 886 2708 ·

97 2767 208 2822 Moenia
224 2769 350 2822 nocturni
369 2769 524 2836 subrepere.
560 2767 678 2836 Jamque
696 2765 810 2820 tenebat
917 2777 956 2820 leo

96 2843 160 2913 Nox
178 2844 298 2897 medium
316 2843 383 2897 caeli
401 2843 519 2912 spatium
537 2859 599 2896 cum
617 2843 694 2911 ponit
711 2844 829 2910 uterque

98 2917 133 2970 In
150 2917 284 2984 locuplete
303 2918 383 2970 domo
400 2919 523 2984 vestigia,
540 2918 624 2970 rubro
641 2917 689 2969 ubi
707 2932 786 2969 cocco

97 2989 193 3041 Tincta
211 3006 292 3056 super
308 2991 393 3044 lectos
410 2992 541 3045 canderet
558 2992 643 3045 vestis
661 2991 788 3059 eburnos,

96 3060 241 3127 Multaque
259 3063 295 3114 de
312 3078 409 3128 magna
426 3068 599 3129 superessent
615 3065 718 3120 fercula
735 3081 826 3133 coena,
