2036 3416
356 107 530 156 CARMINU
532 107 561 156 Μ
578 107 600 156 1.
619 109 658 159 36.
900 112 932 160 23

216 192 259 244 At
275 189 374 256 vulgus
390 186 504 240 infidum
523 191 552 240 et
570 189 700 242 meretrix
717 194 793 244 retro
908 210 932 250 as

215 263 334 332 Perjura
350 262 432 329 cedit,
451 263 598 330 diffirgiunt
615 263 690 317 cadis

251 341 322 396 Ourn
338 340 414 392 faece
432 339 538 392 siccatis
556 339 641 404 amici,

288 416 373 468 Ferre
386 413 485 482 jugum
502 415 607 483 pariter
624 414 717 467 dolosi.

217 491 317 546 Series
333 491 437 544 iturum
455 489 601 544 Caesarem
618 490 646 542 in
663 489 774 544 ultimos
838 545 842 554 ,

218 566 301 620 Orbis
319 565 464 619 Britannos
482 569 511 618 ct
525 564 658 632 juvenum
675 580 770 618 reeens
908 578 932 618 aa

253 642 375 694 Examen
394 640 458 694 Eois
475 639 628 694 timendum

289 715 417 769 Partibus
435 715 598 784 Oceanoque
615 713 706 770 rubro.

220 791 298 846 Eheu
316 791 472 845 cicatricum
490 795 519 844 et
537 789 646 844 sceleris
663 789 750 859 pudet

221 867 411 934 Fratrumqua.
448 865 521 930 Quid
538 882 588 920 nos
607 865 675 920 dura
692 865 840 934 refugimus

255 943 361 996 Aetasl
380 941 447 1010 quid
464 941 598 994 intactum
615 942 713 996 nefasti
910 955 934 994 as

289 1017 449 1086 Liquimusl
471 1016 546 1070 unde
563 1033 673 1070 manum
686 1016 818 1084 juventus

221 1091 301 1146 Metu
318 1092 430 1145 deorum
448 1092 602 1146 continuit?
620 1091 720 1159 quibus

221 1166 348 1235 Pepercit
365 1167 439 1221 arisi
476 1167 500 1220 O
518 1167 623 1220 utinam
640 1182 710 1220 nova

255 1242 360 1296 Incudc
377 1242 502 1310 diffingas
520 1246 642 1294 retusum
659 1241 688 1294 in

289 1317 459 1386 Massagetas
478 1317 640 1384 Arabasque
657 1317 777 1374 ferrum!
910 1333 934 1373 ro

445 1529 582 1584 xxxvl.-

222 1619 264 1674 Er
280 1618 361 1674 thure
378 1621 407 1672 et
424 1618 525 1672 fidibus
538 1619 619 1688 juvat

258 1693 369 1748 Placere
387 1697 417 1750 et
433 1694 513 1748 vituli
531 1695 661 1763 sanguine
679 1693 773 1750 debito

223 1769 358 1824 Custodes
376 1769 513 1822 Numidae
532 1769 605 1837 deos,

258 1844 310 1908 Qui
327 1861 399 1898 nuuc
418 1845 554 1912 Hesperia
571 1860 663 1914 sospes
680 1844 716 1899 ab
731 1844 828 1900 ultima

224 1919 301 1974 Oaris
318 1919 404 1973 multa
422 1919 568 1988 sodalibus,
926 1933 938 1972 s

257 1994 333 2048 Nulli
351 1994 429 2063 plura
446 1998 539 2048 taman
557 1994 656 2048 dividit
673 1993 763 2048 oscula

224 2069 312 2134 Quam
330 2069 404 2123 drdci
422 2069 540 2138 Lamiae,
557 2085 663 2122 memor

259 2146 348 2200 Actae
365 2161 419 2198 non
436 2145 489 2198 alio
506 2161 572 2212 rege
589 2143 713 2213 puertiae

224 2219 404 2289 Mutataeque
422 2220 502 2274 simul
520 2224 607 2288 togae.

259 2295 356 2349 Oressa
373 2312 408 2348 nc
425 2299 517 2349 careat
534 2295 648 2364 pulchra
665 2295 725 2350 dies
741 2299 813 2364 noto,
916 2309 937 2349 ro

224 2369 287 2424 Neu
304 2374 446 2439 promptae
463 2369 560 2424 modus
577 2371 730 2440 amphorae,

258 2445 285 2498 N
287 2462 321 2500 eu
338 2462 442 2500 morem
459 2446 488 2499 in
507 2445 610 2499 Salium
629 2445 666 2500 sit
682 2445 791 2515 requies
807 2443 917 2514 pedum,

225 2520 288 2574 Neu
304 2521 383 2574 msdti
403 2521 525 2574 Damalis
543 2522 611 2574 meri

259 2595 374 2650 Bassum
393 2597 518 2650 Threicia
535 2597 626 2652 vincat
643 2595 783 2665 amystide,

224 2669 251 2724 N
252 2687 287 2724 eu
304 2671 396 2726 desint
413 2671 500 2740 epulis
518 2688 603 2740 rosae,
915 2681 937 2721 rs

259 2745 285 2798 N
287 2763 322 2800 eu
338 2747 419 2800 vivax
437 2748 537 2815 apium,
554 2764 609 2801 neu
625 2745 709 2800 breve
726 2745 819 2799 lilium.

224 2818 326 2875 Omnes
343 2821 372 2874 in
391 2821 518 2875 Damalin
535 2825 630 2890 putres

258 2895 405 2964 Deponent
422 2896 520 2962 oeulos,
538 2911 588 2949 uec
606 2892 728 2947 Damalis
744 2909 813 2949 novo

224 2967 377 3024 Divelletur
394 2970 525 3037 adultero,

258 3045 379 3098 Lascivis
397 3044 506 3097 hederis
523 3041 698 3102 ambitiosior.
913 3055 936 3092 sa
