2036 3416
362 117 516 167 HORATII
533 116 661 166 FLACOI

226 200 307 254 Nunc
324 203 353 253 et
370 199 482 252 latentis
499 197 623 267 proditor
640 194 737 250 intimo

226 276 328 332 Gratus
344 275 451 343 puellae
468 275 539 327 risus
556 273 591 326 ab
608 272 713 340 ongum,

261 351 416 419 Pignusque
434 350 578 416 dereptum
595 347 705 401 lacertis
761 347 768 374 ‘

295 427 355 480 Aut
372 425 460 494 digito
477 425 548 478 male
566 421 705 493 pertinaci.

497 564 531 620 X.

227 649 363 704 Mundum
381 648 496 701 facunde
513 663 598 716 nepos
616 647 744 713 Atlantis,

178 745 182 752 ·
228 725 283 788 Qu·
298 725 370 778 feros
388 724 478 776 cultus
495 723 634 776 hominum
651 726 790 780 recentum

228 799 303 854 Voce
319 799 442 852 formasti
460 801 537 852 catus
554 801 583 852 et
600 798 714 852 decorae

262 874 340 928 More
357 873 516 942 palaestrae,

228 948 266 1003 Te
281 965 376 1003 canem
393 949 482 1017 magni
500 948 578 1002 Jovis
595 951 624 1002 et
641 947 753 1002 deorum

228 1025 362 1080 Nuntium
379 1041 533 1094 curvaeque
549 1025 623 1093 lyrae
640 1029 786 1092 parentem,

229 1101 364 1157 (lallidum
383 1100 518 1170 quidquid
534 1099 636 1169 placuit
648 1099 743 1168 jocoso

262 1177 386 1231 Condere
403 1176 484 1231 furto.
649 1193 653 1200 ·

229 1252 268 1306 'le
284 1251 367 1306 boves
385 1251 450 1306 olim
467 1251 519 1305 nisi
537 1251 705 1305 reddidisses

228 1326 283 1381 Per
299 1327 391 1380 dolum
409 1331 513 1381 amotas
530 1341 645 1396 puerum
662 1327 759 1380 minaei

228 1403 303 1456 Voce
320 1403 386 1456 dum
403 1406 496 1470 terret,
515 1401 613 1456 viduus
630 1402 759 1470 pharetra

262 1478 336 1532 Risit
353 1478 459 1547 Apollo.

228 1553 299 1618 Quin
317 1557 346 1608 et
364 1554 479 1608 Atridas
496 1553 566 1608 duee
582 1555 612 1608 te
630 1552 761 1624 superbos

229 1629 281 1682 llio
298 1629 375 1683 dives
394 1629 518 1683 Priamus
536 1629 631 1684 relicto

229 1705 425 1774 Thessalosque
442 1705 519 1773 ignes
537 1709 566 1760 et
582 1705 676 1774 iniqua
694 1702 790 1773 Trojee

187 1845 191 1850 ³
263 1781 361 1834 Castra
377 1781 480 1834 fefellit.

187 1870 191 1880 ·
229 1854 271 1908 'lu
287 1855 346 1923 pias
362 1855 442 1910 laetis
460 1856 563 1910 animas
580 1856 689 1926 reponis
779 1852 781 1856 ’

230 1929 347 1984 Sedibus
365 1933 496 2002 virgaque
514 1932 602 1986 levem
619 1936 727 1986 coerces

231 2007 324 2060 Aurea
341 2007 457 2076 turbam,
476 2007 581 2077 superis
599 2007 711 2061 deorum

264 2081 365 2137 Gratus
382 2089 411 2138 ot
428 2083 497 2139 imis.

492 2226 542 2280 XI.

93 2305 135 2358 Tu
152 2321 187 2358 ne
205 2305 362 2374 quaesieris,
381 2307 450 2361 scire
467 2307 550 2372 nefas,
569 2321 649 2375 quem
667 2305 742 2373 mihi,
760 2321 843 2374 quem
859 2305 911 2360 tibi

94 2380 190 2434 Finem
208 2381 237 2432 di
255 2380 389 2450 dederint,
408 2381 557 2450 Leuconoe,
575 2396 626 2434 neo
644 2380 806 2448 Babylonios

94 2455 219 2509 Tentaris
235 2471 369 2510 numeros.
404 2457 445 2511 Ut
461 2457 559 2510 melius
576 2456 711 2526 quidquid
728 2457 783 2510 erit
799 2456 865 2526 peti,

94 2530 149 2584 Seu
165 2529 257 2598 plures
274 2529 377 2586 hiemes
394 2547 443 2586 seu
459 2532 557 2586 tribuit
574 2532 705 2601 duppiter
721 2532 852 2597 ultimam,

95 2606 170 2670 Quae
187 2621 258 2659 nune
275 2607 405 2674 oppositis
423 2606 550 2661 debilitet
566 2607 719 2676 pumicibus
735 2623 811 2660 mare
933 2624 947 2662 ⁵

94 2680 271 2748 Tyrrhenum.
305 2681 407 2751 Sepias,
425 2683 488 2736 vina
504 2682 600 2752 liques,
619 2686 649 2736 et
666 2683 754 2751 spatio
771 2681 847 2735 brevi

95 2755 179 2824 Spem
195 2755 302 2825 longam
320 2773 434 2812 reseces.
469 2758 542 2811 Dum
559 2757 696 2827 loquimur
712 2757 816 2825 fugerit
832 2754 925 2810 invida

95 2830 198 2886 Aetss:
215 2848 296 2901 carpe
314 2832 388 2888 diem
407 2849 487 2904 quam
505 2833 646 2888 minimum
664 2833 775 2888 credula
791 2834 908 2900 postero.

485 2977 553 3032 XII.

200 3055 284 3118 Quen
300 3057 388 3110 virum
406 3061 454 3111 eut
470 3058 554 3112 heroa
570 3059 628 3126 lyra
645 3057 688 3112 vel
705 3055 761 3112 aeri

199 3130 277 3184 'libia
294 3131 378 3184 sumis
395 3131 542 3204 celebrare,
560 3133 625 3200 Clio,
