2008 3416
290 135 495 187 CARMINUM
511 137 561 187 IV.
579 141 602 188 8.
839 135 871 188 77

59 211 112 279 Qne
126 219 190 284 plns
208 215 320 272 Aeneas
337 231 392 285 quo
408 216 487 271 dives
503 216 598 272 'I'ullns
614 219 644 273 et
661 219 756 273 Ancus
846 228 870 274 ιε

87 289 178 344 Pulvis
196 294 227 345 ct
242 291 342 344 umbra
360 307 459 346 sumus.

59 363 118 430 Quis
135 367 241 420 seiten
258 365 389 433 adjiciant
406 367 554 422 hodiernae
571 367 691 422 crastina
708 383 828 424 summae

86 441 220 510 Tempora
236 441 267 494 di
284 441 392 509 superii

59 513 158 570 Cuncta
174 532 273 570 manus
289 516 384 570 avidas
400 517 508 586 fugient
524 517 634 572 heredis
651 517 736 571 amico

15 629 16 636 κ
88 590 162 655 Quae
180 591 292 645 dederis
310 592 407 646 animo.
844 610 868 648 so

60 663 122 719 Oum
139 667 224 720 semel
241 667 372 721 (redderis
389 671 419 722 et
436 669 519 722 dete
536 667 680 736 splendida
697 667 794 723 Minos

89 741 197 796 Fecerit
214 742 336 812 arbitria,

60 812 122 884 lion,
139 818 285 887 Torquate,
303 832 398 886 genus,
415 835 471 872 nen
487 821 517 872 te
534 818 741 886 secundanos
757 821 788 874 te

89 892 228 947 Restituet
244 894 349 962 pietas;

61 965 172 1021 infernis
189 969 370 1036 nequeenim
386 967 508 1022 tenebris
519 967 615 1032 ¹Diana
630 969 761 1038 pudicum
845 983 868 1020 se

89 1042 198 1097 Liberat
217 1043 405 1112 Hippolytum,

60 1117 113 1170 Nec
129 1118 249 1172 Lethaea
265 1118 339 1172 valet
356 1118 477 1172 Theseus
494 1115 658 1188 abrumpere
676 1133 738 1172 earo

15 1185 16 1192 ’
89 1191 202 1247 Vincula
219 1193 365 1248 Pein'theo.

89 1413 229 1471 Dorrnnu
245 1419 356 1486 pateras
372 1335 506 1486 &binique
523 1418 687 1487 commodus,

15 1555 17 1560 Ι
89 1491 240 1561 Censoriae,
256 1492 325 1546 meis
341 1509 405 1546 aera
423 1493 567 1561 sodalibus,

15 2919 19 3118 Ι
84 3071 272 3140 Mavortisque
290 3087 358 3138 puer
376 3071 400 3124 si
416 3070 592 3124 taciturnitas

15 3191 16 3198 ,
86 3145 217 3202 Obstaret
233 3145 341 3200 meritis
358 3145 451 3200 invida
469 3144 596 3198 Romulil

81 1565 222 1620 ¹Donarem
240 1567 370 1636 tripodas,
388 1569 509 1637 praemia
525 1567 637 1622 fortium

89 1641 236 1709 Graiorum,
254 1659 344 1711 neque
361 1647 394 1696 tu
410 1645 528 1710 pessima
545 1659 688 1698 munemm

89 1715 192 1785 Ferres,
210 1717 296 1770 divite
314 1735 358 1770 me
376 1718 479 1772 scilieet
495 1716 613 1773 artium'
855 1732 868 1773 s

89 1791 159 1856 Quas
176 1795 225 1846 aut
244 1792 404 1846 Parrhasius
421 1794 537 1863 protulit
554 1797 603 1848 aut
620 1793 727 1863 Scopas,

88 1866 140 1921 Hic
157 1884 231 1935 saxo,
249 1867 361 1937 liquidis
378 1868 424 1921 ille
442 1868 578 1922 coloribus
723 1913 729 1922 .

88 1942 185 1997 Sollers
202 1959 274 1997 nune
292 1943 429 1996 hominem
447 1960 556 2013 ponere,
574 1961 646 2018 nune
664 1945 754 2000 deum.

87 2017 140 2072 Sed
156 2035 211 2072 non
227 2019 294 2073 haec
305 2019 373 2072 mihi
388 2020 438 2087 vis,
455 2037 509 2074 non
526 2020 579 2074 tibi
597 2021 694 2074 talium

87 2092 141 2148 Res
159 2097 201 2148 est
219 2097 268 2148 aut
284 2095 400 2148 animus·
408 2095 567 2149 deliciarum
584 2110 675 2162 egens.
845 2110 866 2147 ro

87 2169 195 2224 Gaudes
212 2169 392 2235 carminibus3
412 2171 533 2224 caradas
549 2185 694 2245 possumus

86 2243 194 2298 Donare
212 2248 241 2298 et
258 2245 379 2313 pretium
396 2244 488 2299 dicere
505 2246 629 2304 muneri„

86 2318 148 2372 Non
165 2319 251 2373 incisa
268 2320 341 2373 natis
358 2335 494 2374 marmora
511 2319 634 2389 publicis,

86 2393 138 2448 Per
155 2411 226 2462 quae
245 2395 358 2463 spiritus
375 2400 405 2450 et
422 2396 480 2450 vita
497 2395 571 2448 redit
587 2395 667 2448 bonis

85 2469 150 2524 Post
166 2473 285 2524 mortem
304 2470 426 2538 ducibus,
443 2487 498 2524 non
515 2471 617 2524 celeres
633 2471 715 2540 fugae
845 2483 866 2522 re

84 2544 271 2616 Rejectaeque
288 2549 439 2600 retrorsum
457 2545 620 2599 Hannibalis
637 2547 734 2614 minae,

83 2619 108 2672 N
109 2636 145 2673 on
162 2620 290 2674 incendia
308 2620 487 2688 Karthaginis
506 2621 614 2688 impiae,

84 2694 151 2762 Ejus
169 2695 217 2764 qui
235 2695 340 2750 domita
356 2712 456 2749 nomen
476 2694 511 2748 ab
531 2694 626 2750 Africa

83 2769 218 2825 Lucratus
236 2771 322 2824 rediit
339 2771 439 2825 clarius
456 2770 580 2824 indicant

85 2843 201 2912 Laudes,
221 2863 303 2914 quam
322 2846 454 2900 Calabrae
473 2845 609 2900 Pierides:
627 2857 717 2911 neque
842 2851 866 2892 20

84 2920 111 2974 si
129 2922 242 2976 chartae
256 2922 354 2975 sileant
372 2921 447 2991 quod
463 2922 534 2974 bene
552 2919 649 2974 feceris

84 2996 241 3051 Mercedem
258 2996 363 3050 tuleris.
400 2996 473 3060 Quid
491 2996 563 3049 foret
582 2994 650 3048 Iliae
