2036 3416
287 98 494 148 GARMINUM
510 97 532 147 1.
552 99 590 159 32,
610 99 648 159 33,
668 99 707 146 34.
890 97 920 144 21

437 244 562 300 XXXII.

207 329 358 383 Poscruurc
393 327 422 382 si
440 327 508 397 quid
524 327 602 381 vacui
620 325 671 380 sub
688 325 786 381 umbra

208 405 337 458 Lusimus
353 407 444 458 tecum
462 403 536 472 qnod
553 406 584 456 et
601 402 672 456 hunc
689 403 717 455 in
735 418 834 456 annum

208 481 295 535 Vivat
311 483 341 534 et
357 479 457 548 plures,
475 495 527 546 age
544 478 589 532 dic
607 477 743 544 Latinum,

244 555 366 622 Barbite,
384 571 501 621 carmen,

208 630 310 686 Lesbio
327 631 444 700 primum
462 629 602 684 modulate
620 627 679 697 civI,
910 643 925 687 r

211 707 265 771 Qui
283 707 360 760 ferox
377 705 450 759 bello
467 709 560 760 tamen
577 705 650 759 inter
667 721 749 773 arma,

209 782 274 838 Sive
286 781 419 850 jactatam
437 781 567 849 religarat
584 779 639 834 udo

245 857 339 910 Litore
356 855 455 924 navim,

209 933 340 987 Liberum
357 935 388 986 et
404 931 498 985 Musas
516 931 705 1000 Veneremque
722 933 752 986 et
768 930 808 986 illi

201 1009 326 1078 -Semper
342 1008 501 1062 haerentem
518 1023 633 1075 puerum
650 1006 766 1061 canebat
903 1021 925 1059 u

211 1085 248 1139 Et
266 1085 367 1153 Lycum
384 1083 470 1151 nigris
487 1082 571 1136 oculis
587 1082 721 1150 nigroque

247 1160 329 1215 Crine
346 1159 483 1213 decorum.
869 1205 874 1212 ,

211 1235 236 1290 0
254 1235 337 1290 decus
355 1233 459 1288 Phoebi
477 1237 506 1288 et
524 1232 640 1302 dapibus
657 1233 775 1302 supremi

211 1312 298 1366 Grata
314 1309 426 1365 testudo
443 1309 527 1377 Jovis,
545 1325 562 1362 o
579 1309 703 1362 laborum

210 1387 298 1452 Dulce
315 1385 443 1452 lenimen,
460 1384 528 1438 milri
544 1400 661 1454 cumque
678 1383 752 1440 salve
902 1395 926 1441 1⁸

246 1462 312 1517 Rite
329 1461 444 1517 vocanti.

432 1601 573 1657 XXXIII.

214 1693 295 1756 Anni,
312 1705 348 1743 ne
366 1687 458 1742 doleas
475 1687 537 1755 plus
553 1684 637 1740 nimio
654 1699 755 1740 memor

213 1765 332 1819 Immitis
350 1764 488 1833 Glycerae,
505 1778 559 1816 neu
575 1760 744 1816 miserabiles

213 1840 350 1895 Demntos
367 1839 459 1906 elegos
475 1855 525 1892 cur
541 1836 594 1892 tibi
606 1836 702 1906 junior

247 1915 334 1970 Laesa
351 1915 505 1984 praeniteat
521 1912 584 1968 fide.

214 1991 353 2061 Insignem
369 1990 447 2046 tenni
463 1989 554 2042 fronte
572 1986 704 2056 Lycorida
912 2003 926 2044 r

215 2068 278 2137 Gyri
295 2069 384 2122 torret
401 2081 484 2132 emor,
504 2064 590 2131 Cyrus
607 2064 636 2116 in
653 2078 775 2130 asperam

214 2142 341 2197 Declinat
359 2141 497 2205 Pholoen3
515 2139 565 2192 scd
581 2139 657 2207 prius
675 2138 772 2206 Apulis

248 2219 406 2287 Iungentur
422 2233 536 2284 capreae
553 2214 625 2283 lupis

214 2293 303 2359 Quam
321 2293 394 2360 turpi
412 2291 513 2345 Pholoe
531 2293 625 2359 peccet
642 2287 772 2345 adultero.

214 2370 260 2424 Sic
277 2369 365 2423 visum
385 2367 495 2434 Veneri,
513 2365 558 2420 cui
574 2365 664 2434 placet
680 2366 798 2434 impares
903 2376 926 2420 lo

215 2445 328 2499 Formas
345 2447 428 2513 atquc
445 2443 549 2496 animos
566 2439 699 2509 subjuga
715 2446 800 2494 aenea

249 2520 335 2574 Saevo
353 2519 464 2574 mittere
481 2533 542 2571 cum
556 2515 627 2585 joco.

215 2595 310 2664 Ipsum
327 2611 379 2662 me,
397 2594 493 2648 melior
510 2608 571 2646 cum
589 2594 696 2660 peteret
717 2591 817 2654 Venus,

215 2671 302 2726 Grata
319 2671 438 2726 detinuit
455 2667 586 2737 compede
604 2666 721 2734 Myrtale

206 2745 363 2816 Libertina,
380 2745 460 2800 fretis
477 2745 564 2798 acrior
582 2742 705 2795 Hadriae
906 2751 928 2792 rs

249 2822 395 2878 armantis
413 2819 544 2876 Calabros
561 2817 641 2872 sinus.

215 3048 327 3104 Pincus
344 2961 573 3102 o001o1I{1IIJr'
583 3041 612 3092 et
628 3037 786 3110 infrequens

216 3123 382 3180 Insaniontis
400 3122 466 3173 dum
484 3112 633 3181 sapientiae
