2044 3416
13 59 15 176 i
382 114 450 162 aas
466 114 625 164 Poumcu.
879 115 926 176 soz

13 177 15 278 t
74 197 131 261 qur
151 195 251 248 ereren
268 194 375 264 patriae
393 195 460 263 quu
480 195 580 250 sema
597 201 626 250 a
644 193 828 266 quaeamus,

13 281 14 296 ³
75 273 138 336 Quo
158 272 194 324 sit
213 287 309 324 amore
322 286 429 339 parens,
448 288 501 340 quo
518 273 604 326 irater
620 273 751 326 amandus
768 277 797 326 et
814 274 918 342 hospes,

13 359 16 572 Ι
75 347 161 411 Quod
179 347 216 400 sit
234 346 387 414 conscripti,
406 347 480 414 qnod
493 347 595 415 judicis
613 349 735 415 officium,
754 364 824 416 quae

75 422 178 477 Partes
197 423 227 476 in
245 421 346 476 bellum
364 423 440 475 missi
460 423 543 489 ducis,
562 423 607 477 ille
626 423 766 492 profecto¹
888 449 922 488 ³15
991 437 993 442 '

76 497 211 554 Reddere
227 513 359 568 personae
377 497 429 551 scit
445 498 632 552 convenientia
649 499 755 567 cuique.

76 572 227 642 Respicere
245 573 385 641 exemplar
399 573 472 626 vitae
488 589 652 642 morumque
660 573 764 640 jubebo

76 647 199 703 Doctum
216 648 382 702 imitatorem
400 652 430 701 et
447 648 521 702 vivas
538 649 600 702 hinc
618 649 718 703 ducere
735 665 823 709 voces

13 661 16 848 >
77 723 227 778 Interdum
245 723 367 792 speciosa
382 723 447 776 locis
464 729 622 793 morataque
639 729 714 780 recte
750 720 756 734 '

13 849 14 864 ,
77 798 186 853 Fabula
202 798 302 852 nuliius
319 798 433 866 veneris,
451 799 510 853 sine
525 800 647 869 pondera
664 804 694 855 et
711 804 777 870 arte,
893 821 927 860 aro

13 919 15 940 q
76 873 197 928 Valdius
214 872 334 927 oblectat
350 873 480 942 populum
497 875 648 944 meliusque
666 882 789 931 moratur

78 950 169 1014 Quam
187 965 282 1002 versus
298 949 393 1017 inopes
410 965 503 1002 rernm
517 967 661 1020 nugaeque
677 968 797 1008 canorae.

78 1025 172 1080 Graiis
189 1023 336 1092 ingenium,
355 1024 444 1078 Graiis
462 1024 540 1078 dedit
556 1042 604 1078 ore
621 1027 738 1080 rotundo

78 1101 162 1155 Musa
179 1101 261 1168 loqui,
278 1102 389 1167 praeter
406 1099 516 1152 laudem
532 1100 631 1152 nullius
649 1102 744 1156 avaris.

79 1177 197 1230 Romani
214 1175 292 1244 pueri
310 1174 397 1242 longis
414 1173 565 1228 rationibus
582 1191 669 1228 assem
891 1193 927 1235 ms

78 1251 198 1306 Discunt
214 1251 243 1304 in
260 1253 354 1319 partes
371 1253 481 1303 centnm
500 1249 637 1305 diducere.
672 1251 773 1306 “Dicet

79 1329 166 1382 Filius
186 1327 293 1382 Albini:
312 1327 341 1380 si
359 1327 395 1380 de
413 1326 562 1394 quincunce
579 1329 684 1380 remota
701 1330 744 1380 est

78 1404 176 1472 Uncia,
189 1403 257 1470 qnid
269 1403 396 1470 superati
421 1401 534 1454 Poteras
546 1401 669 1454 dixisse.”
693 1401 829 1456 “Tricas'’
848 1402 924 1457 “Eu!

13 1485 15 1500 '
80 1479 152 1532 Rem
169 1477 272 1547 poteris
290 1493 398 1530 servare
415 1479 516 1536 tuam
533 1475 618 1530 Redit
634 1477 719 1544 uncia,
736 1477 810 1544 qnid
820 1477 852 1531 fit
859 1477 883 1532 i''

79 1553 210 1609 “Samis’'
247 1551 371 1606 Athaco
390 1551 492 1604 animos
510 1567 611 1618 aerugo
629 1555 659 1604 et
677 1567 742 1604 eura
758 1553 846 1620 peculi
897 1572 932 1610 330

80 1629 152 1683 Cum
171 1626 255 1682 semel
274 1626 410 1693 imbuerit,
430 1642 570 1694 speramus
587 1626 707 1680 carmina
724 1627 790 1694 fingi

81 1703 167 1759 Posse
185 1701 296 1756 linenda
313 1701 395 1754 cedro
414 1703 443 1754 et
461 1701 516 1754 levi
533 1700 664 1754 servanda
680 1701 823 1769 cupresso?

81 1783 143 1835 Aut
160 1778 292 1848 prodesse
310 1777 405 1830 volunt
424 1779 472 1830 aut
490 1775 625 1830 delectare
644 1780 748 1844 poetae,

82 1857 142 1910 Ant
162 1853 242 1907 simul
260 1856 290 1906 et
302 1851 424 1920 jucunda
444 1853 473 1904 et
490 1851 588 1904 idonea
605 1850 696 1904 dicere
714 1851 794 1906 vitae.

82 1928 226 1998 Quidquid
242 1927 394 1998 praecipies
413 1929 471 1980 esto
489 1925 588 1994 brevis,
608 1929 641 1980 ut
658 1927 712 1980 cito
731 1927 804 1982 dicta
891 1940 926 1982 aaa

13 2047 15 2070 ς
83 2005 240 2073 Percipient
257 2002 340 2056 animi
358 2001 459 2055 dociles
477 2003 642 2068 teneantque
660 2001 770 2067 fideles3

83 2081 171 2135 Omne
190 2091 384 2146 supervacuum
401 2076 481 2145 pleno
499 2075 660 2143 depectere
677 2080 776 2131 manat

83 2155 163 2210 Ficta
179 2153 426 2222 voluptatislcausa
444 2151 498 2205 sint
514 2151 733 2218 proximaveris,

84 2231 111 2285 N
113 2247 144 2285 eo
161 2229 341 2298 quodcunque
358 2227 432 2281 volet
449 2230 542 2295 poscat
559 2225 610 2279 sibi
628 2225 721 2280 fabula
739 2227 820 2294 credi,

84 2305 111 2360 N
112 2321 148 2360 eu
164 2319 279 2373 pransae
298 2302 407 2356 Lamiae
423 2302 514 2355 rivum
530 2317 646 2369 puerum
663 2303 790 2357 extrahat
805 2303 872 2358 alvo.
892 2319 927 2361 aro

86 2380 232 2436 Centuriae
251 2379 386 2432 seniorum
404 2377 509 2444 agitant
528 2377 652 2445 expertia
669 2379 762 2448 frugis,

86 2455 157 2510 Celsi
175 2456 354 2524 praetereunt
373 2456 481 2506 austera
499 2455 624 2520 poemata
643 2452 775 2508 Ramnes:

85 2531 173 2585 Omne
191 2529 257 2584 tulit
276 2531 406 2598 punctum
426 2527 473 2595 qui
491 2527 600 2580 miscuit
617 2527 686 2580 utile
703 2528 783 2598 dulci,

85 2605 228 2660 Rectorem
246 2602 407 2662 delectando
424 2602 581 2672 pariterque
597 2603 746 2670 monend03

86 2680 140 2734 Hic
157 2681 248 2732 meret
266 2694 331 2732 aera
349 2676 419 2731 liber
438 2675 536 2740 Sosiis3
554 2675 601 2730 hic
617 2678 646 2728 et
664 2691 739 2728 mare
756 2679 856 2734 transit
894 2696 929 2738 ara

85 2755 122 2809 iit
139 2754 250 2820 longum
268 2756 333 2806 noto
352 2751 479 2820 scriptori
493 2753 623 2819 prorogat
639 2765 742 2804 aarum

85 2829 155 2885 Sunt
173 2828 274 2882 delicta
290 2829 384 2881 tamen
402 2824 501 2896 quibus
516 2825 651 2893 ignovisse
667 2825 794 2892 velimus3

85 2900 929 2972 Namncqnechordasonumredditquemvultmanusetmens,

85 2980 266 3047 Poscentique
286 2993 397 3046 gravem
415 2991 547 3046 persaepe
565 2977 683 3031 remittit
695 2980 825 3044 -acntum;

85 3054 143 3110 Nec
161 3069 270 3122 semper
287 3053 369 3106 feriet
387 3052 567 3119 quodcunque
586 3051 734 3105 minabitur
752 3068 838 3106 arens.
894 3067 930 3108 aaa

13 3165 15 3184 .
84 3129 188 3183 Verum
206 3128 255 3180 nbi
273 3127 352 3196 plura
369 3126 505 3180 nitentia
523 3127 643 3182 carmine
661 3143 716 3180 non
733 3143 784 3196 ego
802 3127 896 3198 paucis

13 3193 17 3381 t
