2036 3416
374 106 532 170 ‚HORATH
550 117 680 166 FLAOGI

240 193 397 248 Terminum
415 196 488 248 euris
504 211 589 265 vagor
606 199 750 268 expeditis,

276 269 359 338 Fugit
376 271 517 340 inermem,

241 344 326 409 Quale
344 350 502 414 portentum
519 365 610 417 neque
627 350 753 405 militaris

239 419 360 474 Daunias
378 422 440 476 latis
457 423 507 477 alit
525 425 676 491 aesculetis,

239 496 298 550 Nec
316 497 407 552 Jubae
424 498 506 552 tellus
523 504 637 568 generet
654 501 762 557 leonum
784 499 791 512 ⁵

273 572 361 626 Arida
378 574 479 628 nutrix.

238 645 313 700 Pone
330 663 375 701 me
392 649 476 716 pigris
493 650 542 704 ubi
559 652 635 706 nulla
652 654 755 722 campis

238 723 331 776 Arbor
348 725 451 778 aestiva
467 731 609 780 recreatur
626 745 700 796 aura,

238 797 319 862 Quod
335 797 407 852 latus
425 801 521 854 mundi
538 802 654 856 nebulae
672 805 813 876 malusque

270 873 401 942 «luppiter
418 878 515 942 urget3

236 947 312 1001 Pone
330 948 381 1002 sub
399 965 480 1002 curru
497 951 610 1004 nimium
627 954 772 1024 propinqui

236 1021 306 1076 Solis
323 1023 351 1076 in
369 1026 444 1077 terra
462 1024 589 1078 domibus
606 1031 721 1094 negata:

236 1096 324 1152 Dulce
341 1098 480 1152 ridentem
499 1101 618 1170 Lalagen
636 1102 739 1168 amabo,

268 1171 356 1226 Dulce
372 1173 538 1243 loquentem.

440 1319 442 1324 '
465 1317 578 1376 XXlll.

233 1393 321 1452 Vrrns
338 1398 466 1458 hinnuleo
484 1419 529 1456 me
547 1403 649 1472 similis,
669 1405 761 1476 Chloe,

233 1471 381 1536 Quaerenti
398 1476 525 1545 pavidam
542 1479 681 1534 montibus
698 1482 764 1538 aviis

267 1549 385 1604 Matrem
403 1569 457 1606 non
476 1554 535 1608 sine
552 1569 622 1608 vano

300 1623 438 1679 Anterum
456 1631 486 1681 et
503 1629 589 1682 siliiae
607 1633 664 1684 met
683 1672 690 1686 .

230 1692 302 1749 Nam
320 1713 368 1750 seu
384 1699 530 1756 mobilibus
547 1705 619 1758 veris
637 1705 773 1762 inhorruit

230 1769 376 1826 Adventus
393 1773 465 1828 foliis
483 1793 531 1831 scu
548 1779 652 1834 virides
669 1781 768 1836 rubum

263 1845 410 1912 Dimoyere
426 1849 552 1920 lacertae,

299 1921 337 1976 Et
354 1924 436 1978 corde
454 1929 484 1980 et
500 1927 615 1995 genibus
632 1931 735 1987 tremit.

229 1995 317 2066 Atqui
335 2014 388 2052 non
406 2017 456 2068 ego
473 2005 502 2056 te
519 2004 598 2071 tigris
615 2009 648 2059 ut
664 2022 762 2075 aspera
936 2061 937 2064 ,

227 2070 393 2130 Gaetulusve
409 2075 453 2130 leo
470 2077 597 2147 frangere
613 2096 777 2150 persequor:
916 2097 942 2135 10

263 2147 383 2204 Tandem
401 2152 496 2208 desine
513 2159 630 2208 matrem

295 2223 466 2294 'tempestiva
484 2231 561 2298 sequi
579 2231 641 2286 rire

459 2369 566 2427 XXIV.

226 2446 294 2511 Qms
311 2447 448 2506 desiderio
466 2454 503 2508 sit
519 2456 608 2522 pudor
625 2461 673 2512 aut
690 2457 788 2512 modus

224 2521 291 2576 uam
308 2525 363 2578 cari
381 2528 494 2596 capitis?
531 2532 661 2601 Praecipe
679 2533 808 2602 lugubres

224 2597 335 2667 Cantus,
354 2600 534 2672 Melpomene,
553 2607 597 2660 cui
615 2607 745 2676 liquidam
762 2612 843 2678 pater

257 2673 358 2728 Vocem
378 2693 439 2730 cnm
456 2679 561 2734 eithara
579 2680 664 2736 dem

221 2746 294 2815 Ergo
313 2749 488 2814 Quinctilium
505 2759 655 2822 perpetuus
673 2772 753 2824 sopor
925 2773 939 2814 s

221 2819 322 2891 Urget!
342 2823 386 2876 cui
404 2825 498 2880 Pudor
516 2831 545 2882 et
563 2829 695 2884 Justitiae
713 2847 788 2887 soror

221 2894 383 2968 Inconupta
401 2901 485 2956 Fides
502 2904 631 2973 nudaque
650 2906 761 2960 Veritas

254 2973 368 3035 Quando
385 2977 471 3030 ullum
488 2979 611 3034 inveniet
627 2983 739 3048 pareml

218 3043 315 3100 Multis
332 3050 378 3102 ille
395 3051 473 3105 bonis
490 3054 588 3106 flebilis
605 3055 712 3120 occidit,

218 3119 294 3174 Nulli
311 3122 426 3178 flebilior
442 3141 524 3194 quam
542 3128 602 3193 tibi,
621 3129 727 3196 Virgili.
915 3147 940 3184 ro
