2036 3416
371 109 524 166 HORATII
540 115 672 164 FLACCI

235 195 291 252 Hie
308 194 369 250 dies
385 211 455 250 anno
472 194 607 250 redeunte
623 195 712 249 festus

236 270 373 326 Cortieem
390 271 551 326 adstrictum
568 271 629 338 piae
646 271 798 327 dimovebit

237 347 396 416 Amphor-ae
412 348 517 400 fumum
534 343 630 401 bibere
647 345 790 402 institutae

271 423 389 478 Consule
407 423 491 478 'Pulla

237 499 328 567 Sume,
347 499 497 566 Maecenas,
514 498 625 568 cyathos
642 499 722 552 amici

238 575 355 644 Sospitis
372 577 480 628 eentum
497 577 527 627 et
543 573 639 640 vigiles
655 573 778 626 lucernas

238 649 336 706 Perfer
352 649 381 702 in
398 649 503 714 lueem3
520 648 614 717 procul
631 648 719 702 omnis
736 651 795 703 esta

273 724 384 778 Clamor
400 727 430 778 et
446 724 494 795 ira

239 798 324 854 Mitte
340 799 432 852 civiles
450 815 532 867 super
548 797 617 854 urbe
635 814 729 857 eurass
822 841 826 846 -

239 873 348 927 Occidit
366 873 435 927 Daei
453 873 588 928 Cotisonis
605 888 710 942 agmen,

239 948 340 1005 Medus
356 949 473 1004 infestus
490 949 543 1004 sibi
559 947 688 1002 luctuosis

273 1023 397 1078 Dissidet
413 1023 503 1092 armis,

239 1097 331 1154 Servii
349 1099 489 1168 Hispanae
505 1101 585 1153 vetus
602 1097 689 1152 hostis
706 1113 770 1153 orae

240 1174 378 1229 Cantaber
395 1191 456 1229 sara
473 1174 592 1228 domitus
609 1177 706 1227 eatena
715 1195 722 1240 ;

238 1249 304 1304 Jam
322 1249 437 1318 Scythae
454 1249 516 1303 laxo
533 1248 703 1302 meditantur
719 1263 785 1304 arcu

273 1325 381 1379 Cedere
398 1325 507 1394 eampis.
751 1321 753 1324 ’

239 1399 266 1455 N
268 1401 396 1468 eglegens
412 1417 448 1454 ne
465 1416 520 1470 qua
536 1399 654 1469 populus
670 1399 777 1453 laboret

240 1474 326 1528 Parae
342 1475 465 1544 privatus
481 1474 595 1527 nimium
612 1491 723 1527 cavere:

239 1549 319 1605 Dona
335 1549 487 1618 praesentia
504 1565 571 1620 cape
588 1549 677 1603 laetus
693 1548 776 1604 herae
792 1550 823 1604 et

274 1625 380 1695 Linque
397 1639 498 1680 severa

500 1763 551 1820 IX.

240 1846 339 1903 nosue
355 1851 450 1914 matus
467 1861 543 1900 eram
560 1846 613 1902 tibi
720 1849 725 1862 ⁸

273 1921 300 1975 N
303 1937 334 1975 ee
351 1921 494 1990 quisquam
511 1921 602 1989 potior
619 1919 730 1974 brachia
749 1919 881 1974 candidan

239 1996 346 2052 Cervici
358 1996 469 2064 juvenis
486 1995 578 2062 dabat,

274 2071 419 2126 Persarum
433 2071 510 2140 vvigui
522 2088 588 2138 rege
605 2070 718 2125 heatior.
814 2135 815 2138 Ἴ

239 2146 334 2202 Donec
350 2165 405 2201 non
421 2147 475 2201 alia
492 2147 579 2214 magis

275 2223 377 2277 Arsisti
395 2238 484 2292 neque
502 2226 562 2276 erat
580 2220 668 2290 Lydia
683 2223 746 2290 post
764 2219 875 2287 Chloen,

239 2296 323 2352 Multi
341 2297 428 2364 Lydia
445 2296 562 2350 nominis

275 2370 396 2424 Romana
413 2370 487 2439 vigui
504 2369 602 2424 clarior
620 2369 679 2428 Ilia

239 2445 288 2502 Me
305 2462 377 2500 nune
394 2446 512 2500 Thressa
530 2445 613 2499 Chloe
631 2446 705 2514 regit

274 2521 376 2576 Dulees
393 2520 474 2575 docta
491 2519 586 2573 modos
604 2523 634 2574 et
650 2521 772 2576 citharae
789 2519 886 2586 ueiens,
998 2513 999 2516 ’

240 2593 296 2650 Pro
314 2609 368 2662 qua
384 2611 439 2648 non
456 2597 578 2648 metuam
596 2595 666 2648 mori

275 2669 304 2723 Si
320 2672 434 2737 parcent
450 2669 555 2723 animae
573 2669 630 2724 fata
648 2668 797 2740 superstiti.

239 2743 288 2800 Me
305 2747 393 2798 torret
410 2743 469 2798 fane
487 2747 583 2798 mutua

275 2819 388 2872 Thurini
407 2819 498 2873 Calais
516 2819 588 2872 filius
606 2817 709 2890 Ornyti,
820 2875 822 2880 ,

240 2892 294 2947 Pro
312 2911 366 2962 quo
383 2894 426 2948 bis
443 2895 534 2964 patiar
551 2893 620 2947 mori

274 2968 303 3020 si
320 2971 433 3034 pareent
450 2984 535 3036 puero
552 2967 610 3021 fata
628 2967 778 3036 superstiti.

240 3038 314 3104 Quid
331 3041 354 3092 si
371 3042 461 3108 prisea
478 3042 552 3094 redit
570 3041 665 3096 Venus

274 3112 463 3182 Diduetesque
477 3115 546 3182 jugo
564 3115 637 3182 cogit
654 3120 747 3184 aeneo,
