2008 3416
130 99 175 145 luo
402 93 558 143 HORATH
574 93 704 144 FLAcor

54 223 58 234 .
129 177 272 230 Autiuaat.
307 173 384 228 Haec
395 175 515 242 populos,
526 173 592 228 haec
604 191 715 242 magnos
726 170 843 232 formula
853 189 952 248 reges
979 191 1003 242 41

128 251 250 319 Excepto
268 249 390 316 sapiente
408 253 492 304 tenet.
527 250 608 303 Nunc
625 251 717 319 accipe
735 264 820 320 quare

128 325 271 394 Desipiant
289 342 382 380 omnes
400 341 485 393 aeque
504 341 535 378 ac
552 327 585 378 tu
602 326 649 394 qui
666 326 718 380 tibi
735 343 833 382 nonren

128 401 228 456 Insano
245 417 367 470 posuere.
404 400 489 454 Velut
506 401 580 454 silvis
597 401 645 454 ubi
662 402 764 470 passim

128 477 256 531 Palantes
274 493 350 530 error
368 479 442 530 certo
453 476 496 537 ¹de
513 477 625 530 tramite
642 477 729 546 pellit,

128 553 180 608 Ille
193 554 385 618 sinistrorsum,
397 552 442 605 hic
454 551 627 606 dextrorsum
639 552 711 607 abit:
729 569 798 608 unus
810 555 930 625 utrique
972 575 1003 617 50

127 629 218 697 Error,
237 629 287 682 sed
303 629 385 681 variis
402 627 494 681 illudit
511 627 650 695 partibus;
668 629 765 683 hocta

127 704 216 759 Crede
234 704 315 757 modo
332 705 462 770 insanum,
482 703 566 756 nihilo
583 707 615 757 ut
633 705 781 773 sapientior
798 706 844 761 ille

127 780 180 844 Qui
197 783 226 833 11
244 779 354 833 deridet
371 779 484 832 caudam
502 779 602 833 trahat.
638 780 689 834 list
705 797 791 849 genus
809 799 897 837 uuum

127 855 266 910 Stultitiae
283 854 397 908 nihilum
414 854 564 908 metuenda
581 855 710 922 timentis,
728 861 760 910 ut
777 857 861 925 ignes,

128 931 167 985 Ut
184 947 265 1000 rupes
283 929 433 998 fluviosque
451 930 480 984 in
498 946 593 998 campo
610 930 719 985 obstare
737 937 883 1001 quer-atum
968 956 999 996 55

126 1007 255 1061 Alterum
273 1009 302 1060 et
319 1005 382 1059 huic
399 1021 494 1060 varum
512 1010 541 1060 et
559 1005 643 1058 nihilo
660 1007 810 1075 sapientius
826 1009 909 1076 ignes

54 1101 58 1108 ·
126 1082 181 1136 Per
198 1081 302 1136 medios
319 1081 470 1149 fluviosque
488 1081 606 1134 ruentis:
625 1081 723 1136 clamet
740 1083 825 1137 amica

125 1157 223 1225 Mater,
242 1157 356 1211 honesta
374 1172 450 1210 soror
467 1171 529 1210 cum
547 1156 675 1225 cognatis,
693 1161 779 1226 pater,
797 1175 880 1214 uxor:

126 1233 196 1288 ‘Hic
213 1235 284 1286 fossa
301 1235 344 1286 est
360 1231 464 1299 iugens-
482 1231 525 1284 hic
542 1248 625 1299 rupes
642 1232 766 1300 maxima,
784 1234 888 1288 serval'

124 1308 187 1364 Non
205 1308 291 1376 magis
308 1307 428 1362 audierit
445 1323 526 1376 quam
545 1307 639 1361 Fufius
657 1308 747 1361 ebrius
764 1309 836 1376 olim,
962 1331 992 1370 ω

125 1384 194 1438 (lum
213 1385 327 1438 ilionam
346 1381 471 1449 edormit,
491 1383 611 1436 Catienis
628 1383 702 1437 mille
720 1384 852 1452 ducentis,

124 1459 239 1527 ‘Mater,
257 1463 286 1514 te
304 1458 410 1528 appello
421 1459 435 1513 t’
454 1457 639 1513 clamantibus.
677 1458 749 1513 Huic
767 1476 817 1528 ego
833 1459 939 1530 vulgus

123 1535 217 1589 Errori
235 1535 350 1590 similem
368 1537 493 1588 cunctum
511 1533 630 1586 insanire
648 1533 758 1587 docebo.

124 1610 232 1666 Insanit
249 1615 356 1666 veteres
374 1613 478 1664 statuas
496 1609 677 1677 Damasippus
694 1609 822 1664 emendo:

123 1687 238 1755 Integer
255 1691 299 1740 est
315 1686 414 1739 mentis
433 1684 592 1752 Damasippi
609 1684 747 1739 creditori
782 1685 864 1741 Esto!
959 1709 988 1748 15

123 1762 226 1830 Accipe
244 1761 318 1829 quod
335 1776 474 1828 nunquam
492 1759 593 1813 reddas
611 1759 685 1827 mihi,
703 1760 726 1813 si
743 1761 794 1814 tibi
812 1761 911 1832 dicam,

122 1837 199 1890 Tune
215 1836 325 1888 insanus
343 1835 397 1888 eris
414 1835 437 1887 si
455 1835 610 1903 acceperis?
628 1851 663 1888 an
681 1836 767 1904 magis
784 1853 880 1890 excors

123 1911 237 1979 Rejecta
254 1910 356 1978 praeda
373 1926 455 1977 quam
472 1926 601 1978 praesens
619 1910 772 1964 Mercurius
789 1912 861 1966 ferti

122 1985 231 2041 ‘Scribo
249 1987 345 2040 decem
363 1985 461 2051 Nori03
479 2002 532 2038 non
550 1989 593 2038 est
612 1986 691 2040 satis:
709 1987 781 2040 adde
799 1987 913 2042 Cicutae
998 2013 999 2033 1

121 2061 225 2117 Nodosi
242 2063 349 2116 tabulas
368 2065 484 2130 centum,
502 2061 576 2129 mille
598 2062 669 2114 adde
687 2065 808 2116 catenas:
955 2085 982 2124 70

122 2137 241 2206 Effugiet
257 2142 349 2192 tamen
366 2138 433 2194 hacc
450 2137 597 2191 sceleratus
615 2137 722 2190 vincula
740 2137 861 2192 Proteus.
996 2153 997 2207 1

122 2213 191 2266 Cum
208 2214 298 2281 rapies
315 2214 343 2267 in
357 2213 405 2281 jus
422 2212 500 2266 malis
518 2211 655 2265 ridentem
672 2212 774 2280 alienis,
995 2229 996 2293 1

121 2287 185 2342 Fiet
196 2305 269 2357 aper,
282 2288 362 2341 modo
374 2289 438 2356 avis,
450 2287 531 2340 modo
544 2303 639 2340 saxum
651 2291 681 2342 et
693 2304 754 2341 cum
766 2288 839 2342 volet
850 2289 951 2348 arbor!

121 2363 150 2417 si
167 2365 237 2417 male
254 2380 312 2416 rem
329 2380 424 2431 gerere
442 2363 527 2436 insani
546 2367 596 2430 est,
614 2367 709 2416 contra
726 2363 795 2417 bene
812 2366 879 2432 sani,

120 2437 247 2493 Putidius
263 2439 349 2492 multo
367 2438 507 2492 cerebrum
526 2442 576 2505 est,
595 2437 660 2491 mihi
679 2439 767 2504 crede,
786 2439 887 2508 Perilli,
950 2459 975 2500 75

120 2513 255 2568 Dictantis
273 2513 347 2582 quod
364 2517 396 2566 tu
413 2530 552 2581 nunquam
570 2513 720 2568 rescribere
738 2515 831 2584 possis.

120 2590 227 2644 Audire
246 2593 329 2659 atque
346 2593 437 2656 togam
452 2589 538 2656 jubeo
556 2605 724 2658 componere,
743 2591 864 2662 quisquis

120 2666 277 2719 Ambitione
296 2665 366 2718 maia
384 2667 431 2717 aut
449 2664 556 2731 arpenti
574 2665 660 2733 pallet
677 2682 776 2736 amore,

119 2740 247 2810 Quisquis
264 2740 371 2793 luxuria
389 2739 496 2792 tristive
517 2741 711 2808 superst'tione

119 2816 179 2869 Aut
195 2816 248 2869 alio
265 2815 364 2869 mentis
381 2814 476 2868 morbo
493 2815 580 2881 calet;
597 2815 649 2870 huc
666 2817 779 2886 propius
797 2835 850 2888 me,
947 2839 973 2878 11

118 2889 191 2942 Dum
209 2889 293 2943 doceo
310 2890 429 2942 insanire
447 2906 549 2958 omnes,
567 2907 614 2944 vos
633 2893 730 2946 ordine
748 2894 831 2948 adite.

117 2963 215 3015 Danda
223 2967 266 3014 est
276 2962 408 3016 hellebori
423 2964 509 3018 multo
527 2982 591 3034 pars
609 2968 727 3022 maxima
745 2971 847 3035 avaris;

117 3035 217 3086 Nescio
234 3051 269 3087 an
288 3037 447 3102 Anticyram
464 3040 536 3094 ratio
553 3041 606 3094 illis
624 3041 745 3096 destinet
763 3059 878 3100 omnem.

118 3107 246 3161 Herodes
264 3107 372 3162 Staberi
384 3126 517 3168 summam
535 3115 655 3170 incidere
673 3117 811 3184 sepulcro:
