2044 3416
310 81 564 156 urrsrouanuu
581 107 604 156 1.
624 108 661 155 ro.
871 105 915 158 171

46 187 141 243 Multa
159 186 285 256 quidem
302 184 360 238 dixi
378 181 427 238 our'
445 179 588 240 excusatus
606 185 727 252 abirem3

48 265 105 319 Sed
122 263 216 317 timui
235 275 298 315 mea
314 278 349 314 ne
367 261 486 332 finxisse
496 263 601 314 minora
621 266 741 330 putarer,

10 369 12 428 ,
48 338 258 392 Dissimulator
275 338 334 406 opis
350 337 485 404 propriae,
503 337 568 390 mihi
587 337 744 390 commodus
761 338 815 392 uni.

10 429 12 482 ῑ
48 416 94 468 Sic
112 432 172 484 ego
191 413 308 482 majoris
324 413 433 481 fugiens
450 413 595 481 opprobria
611 413 707 482 culpae
894 428 917 467 ro

10 509 11 522 ¹
48 491 168 544 Frontis
188 489 228 542 ad
245 487 366 542 urbanae
384 487 514 542 descendi
531 489 658 556 praemia
694 488 797 552 Quodsi

48 566 226 634 Depositum
244 564 339 617 laudas
357 564 393 617 ob
409 563 488 618 amici
502 565 580 632 jussa
597 563 737 634 pudorem,

9 673 11 722 ὲ
49 641 152 696 Scribe
170 640 218 695 tui
235 639 329 708 gregis
344 639 417 694 hune
434 643 464 694 et
479 641 579 710 sortem
596 639 679 694 crede
696 639 857 708 bonumque

9 773 11 806 ³
475 779 509 835 X.

49 865 149 919 Uarus
168 866 322 916 amatorem
341 863 459 917 Fuscum
477 864 582 918 salvere
595 850 727 932 jubemus

51 941 141 993 Ruris
160 943 307 1005 amatores,
326 937 378 992 hac
394 940 422 993 in
440 956 471 993 re
489 940 591 994 scilicet
608 956 663 993 une

8 1011 9 1042 ³
50 1015 183 1069 Multum
201 1013 354 1082 dissimiles,
372 1015 408 1068 ad
426 1018 533 1069 caetera
549 1031 637 1083 paene
652 1014 777 1083 gemelli;

51 1089 206 1145 Frater-nis
224 1089 322 1143 animis
340 1090 475 1158 quidquid
492 1095 574 1159 negat
592 1091 709 1144 alteret
726 1091 812 1156 alter;
891 1127 894 1134 -

51 1167 220 1220 Annuimus
238 1165 341 1232 pariter
358 1166 442 1219 vetuli
460 1167 573 1236 notique
590 1166 714 1224 columbi.
901 1179 917 1228 ε,

51 1243 95 1296 'lu
114 1242 218 1295 nidum
237 1257 342 1306 servas3
360 1257 411 1309 ego
428 1242 509 1295 laudo
526 1243 599 1295 ruris
616 1242 721 1295 amoeni

51 1319 144 1371 Rivos
163 1319 195 1370 et
212 1332 305 1370 museo
323 1317 473 1371 circumlita
490 1333 555 1371 saxa
571 1334 730 1386 nemusque.

7 1397 8 1400 ’
52 1393 132 1458 Quid
152 1391 284 1461 quaeris?
319 1391 390 1445 Viro
408 1396 438 1446 et
454 1409 538 1460 regno
557 1393 636 1446 simul
654 1394 708 1447 ista
725 1391 822 1462 reliqui

26 1499 31 1505 ·
52 1470 136 1533 Quae
154 1483 206 1520 vos
223 1466 260 1520 ad
277 1467 381 1520 caelum
398 1467 478 1522 fertis
494 1485 604 1522 rumore
620 1469 753 1523 secundo:

51 1546 157 1613 thue
177 1543 326 1596 sacerdotis
342 1544 473 1612 fugitivus
491 1544 547 1598 liba
563 1561 672 1610 recus03
891 1558 914 1596 ro

52 1622 134 1674 Pane
154 1634 225 1687 egeo
241 1619 300 1687 jam
318 1619 430 1672 mellitis
447 1620 551 1687 potiore
568 1619 707 1688 placentis.

52 1696 165 1750 Vivere
182 1697 303 1748 natiuae.
314 1695 337 1748 si
355 1696 547 1749 convenienter
563 1697 673 1764 o'portet

53 1769 267 1838 Ponendaeque
284 1770 364 1823 domo
382 1770 538 1839 quaerenda
555 1774 599 1823 est
615 1785 679 1824 area
695 1767 822 1838 primum,

52 1845 208 1901 Novistine
224 1845 312 1899 locum
328 1846 463 1914 potiorem
480 1862 545 1900 rure
562 1845 663 1900 beatol

53 1924 111 1977 Est
128 1921 180 1975 ubi
197 1921 260 1990 plus
277 1925 390 1990 tepeant
407 1923 518 1990 hiemes,
535 1920 583 1975 ubi
600 1921 704 1989 gratior
720 1936 785 1974 auru
891 1934 913 1974 15

53 1997 163 2052 Leniat
180 2001 211 2051 et
228 1997 331 2051 rabiem
350 1998 431 2052 Oanis
449 2002 478 2052 et
495 2003 632 2050 momenta
650 1996 756 2064 Leonis,

54 2075 131 2128 Cum
151 2073 235 2126 semel
254 2073 359 2143 aceepit
376 2073 465 2128 Solem
483 2073 646 2126 furibundus
663 2072 795 2126 eentuml

54 2151 112 2204 Est
129 2149 180 2202 ubi
198 2149 311 2203 divellat
329 2166 435 2204 somnos
452 2150 542 2203 minus
558 2149 650 2202 invida
666 2149 750 2202 cural
864 2184 871 2200 .

54 2225 194 2280 Deterius
213 2224 320 2294 Libycis
338 2225 393 2279 olet
411 2229 459 2280 aut
476 2226 548 2279 nitet
564 2224 651 2278 herba
667 2223 786 2294 lapillisl

55 2301 161 2355 Purior
178 2301 207 2353 in
224 2301 291 2354 vicis
308 2318 379 2368 aqua
396 2302 488 2355 tendit
504 2317 632 2377 rumpere
648 2300 789 2369 plumbum
888 2317 913 2356 ro

55 2377 152 2440 Quam
164 2392 235 2444 quae
247 2393 297 2445 per
307 2394 422 2445 pronum
434 2376 556 2444 trepidat
566 2392 627 2430 curn
639 2393 778 2431 murmure
790 2380 877 2431 rivum
887 2381 896 2429 l

55 2452 171 2520 Nempe
188 2452 261 2505 iuter
278 2453 366 2506 varias
382 2451 505 2506 nutritur
521 2451 588 2505 silva
605 2453 750 2520 columnas,

56 2527 260 2596 Laudaturque
278 2528 374 2581 domus
391 2527 485 2596 longos
503 2544 572 2596 quae
589 2529 719 2598 prospicit
736 2543 821 2594 agros.
890 2555 893 2562 ι

56 2603 200 2658 Naturam
219 2603 339 2672 expellas
356 2604 433 2656 furca
450 2607 543 2656 tamen
560 2620 648 2671 usque
664 2606 794 2668 recurret,

57 2679 98 2733 Et
115 2679 191 2733 mala
207 2681 369 2748 perrumpet
386 2679 480 2732 furtim
500 2679 611 2734 fastidia
628 2677 733 2732 victrix.

56 2755 86 2809 N
89 2771 124 2808 on
145 2755 192 2824 qui
211 2754 322 2808 Sidonio
339 2755 505 2808 contendere
524 2755 636 2808 callidus
653 2757 728 2806 ostro

57 2829 160 2884 Nescit
179 2830 347 2898 Aquinatem
364 2831 488 2900 potantia
504 2830 607 2884 vellera
623 2829 714 2882 fucum

59 2905 173 2960 Certius
191 2905 305 2975 accipiet
323 2906 452 2960 damnum
469 2907 635 2976 propiusque
652 2903 786 2969 medullio,

60 2981 151 3044 Quam
169 2981 217 3048 qui
235 2997 288 3034 non
306 2983 409 3051 poterit
425 2998 490 3036 vero
508 2981 678 3048 distinguere
694 2980 799 3034 talsuni.

61 3057 151 3122 Quem
169 3073 215 3110 res
232 3057 293 3124 plus
311 3058 394 3110 nimio
412 3056 583 3110 delectavere
602 3055 743 3124 secundae,
888 3070 913 3110 so

60 3132 190 3186 lllutatae
208 3133 341 3200 quatient
377 3133 406 3184 Si
424 3132 491 3198 quid
509 3131 644 3186 uurabere
660 3149 746 3200 pones
