2008 3416
398 124 553 176 HORATII
569 127 700 178 russel

194 209 327 278 Ereptum
345 207 446 276 Stygiis
463 206 591 261 fluetibus
610 209 733 263 Aeacum

194 283 292 338 Virtus
310 286 338 337 et
355 283 432 336 favor
449 285 479 336 el
496 282 589 350 lingua
605 285 760 351 potentium

195 359 298 414 Vatum
316 357 445 412 divitibus
463 361 602 412 consecrat
618 357 721 414 insulis.

195 434 315 503 Dignum
332 433 414 487 laude
431 432 520 486 virum
538 431 619 485 Musa
635 437 711 488 vetat
727 436 808 493 mori.

195 510 277 565 Caelo
295 509 376 568 Musa
392 508 464 562 beai
500 507 545 562 Sic
563 506 640 561 Jovis
657 509 773 566 interest

195 585 305 655 optatis
322 583 410 653 epidis
426 581 544 652 impiger
561 582 710 650 Heroides3

196 661 306 716 Olarum
323 658 494 728 Tyndaridae
513 658 589 712 sidus
606 657 642 712 ab
657 659 758 715 infimis

196 737 314 801 Quassas
332 734 452 802 eripiunt
469 733 632 802 aequoribus
649 738 738 802 raies3

196 811 316 864 Ornatus
332 809 414 863 viridi
431 812 555 878 tempora
569 809 698 878 pampino

196 885 280 942 Liber
297 887 361 939 vote
376 883 462 942 bonos
479 884 557 940 ducii
573 884 611 938 ad
628 885 725 940 emtus.

476 1021 479 1028 ’
525 1026 576 1081 ΙΧ.

228 1109 256 1166 N
257 1125 274 1164 n
291 1111 363 1165 forie
379 1109 474 1164 credas
490 1109 636 1164 interitura
654 1126 724 1180 quas

228 1185 322 1254 Longe
339 1189 479 1240 sonantem
496 1189 577 1239 natus
593 1185 780 1242 adAufidum

262 1262 289 1316 N
291 1278 325 1314 on
342 1265 406 1316 ante
423 1261 546 1328 vulgatas
562 1277 613 1329 per
629 1265 704 1315 aries

296 1336 390 1390 Verba
406 1336 502 1405 loquor
519 1335 646 1389 socianda
663 1335 785 1394 chordis:

228 1413 291 1467 Non
309 1413 332 1466 si
349 1413 454 1480 priores
473 1411 614 1464 Maeonius
630 1414 710 1466 tenet
759 1471 762 1478 f

228 1487 313 1544 Sedes
332 1488 468 1541 Homerus
487 1486 646 1540 Pindaricae
663 1487 751 1542 labeni

261 1563 387 1632 Ceaeque
405 1566 433 1616 et
452 1561 546 1626 Alcaei
564 1562 684 1616 minaces

296 1637 496 1706 Stesichorique
513 1653 609 1705 graves
628 1637 776 1694 Camenae:

227 1713 254 1767 N
256 1729 286 1767 ec
304 1714 327 1766 si
345 1713 412 1782 quid
429 1713 493 1766 olim
511 1711 576 1766 lusil
594 1714 737 1766 Anacreon

226 1787 336 1842 Delevit
353 1789 443 1852 aeiasr
461 1787 547 1856 spirat
563 1787 653 1842 adhuc
669 1804 745 1842 amor

260 1862 419 1930 Vivunlque
436 1862 571 1916 commissi
589 1862 693 1917 calores

294 1936 408 1990 Aeoliae
425 1935 526 1990 fidibus
543 1937 658 2006 puellae.

225 2012 289 2068 Non
306 2012 363 2066 sola
379 2015 501 2080 comptos
519 2012 586 2066 arsit
603 2012 722 2068 adrdieri

226 2089 329 2156 Orines,
348 2092 377 2143 ei
395 2105 490 2143 aurum
508 2088 630 2142 vestibus
646 2088 745 2142 illitum

258 2165 361 2219 Miraia
378 2164 539 2232 regalesque
556 2163 646 2216 cultus

226 2247 229 2265 ⁶
294 2239 331 2292 El
348 2241 460 2292 comites
478 2237 586 2292 Helene
605 2237 735 2306 Iccaena,
831 2254 833 2260 ¹

226 2314 369 2369 Primusve
387 2313 490 2367 Teucer
507 2313 563 2368 tela
582 2313 702 2382 Cydonio

225 2388 335 2446 Direxit
352 2404 431 2454 arcu;
447 2404 502 2442 non
520 2389 604 2442 semel
622 2389 690 2442 Ilios

259 2463 382 2530 Vexata3
399 2479 454 2520 non
470 2465 603 2534 pugnavit
619 2463 717 2532 ingens

293 2539 457 2594 Idomeneus
475 2539 655 2593 Sthenelusve
672 2539 746 2593 solus

224 2613 349 2672 Dicenda
365 2615 453 2668 Musis
471 2614 589 2684 proelia;
605 2629 660 2667 non
677 2613 756 2669 ferox

224 2691 330 2746 Hector
347 2690 390 2742 vel
407 2705 469 2744 acor
486 2689 647 2758 Deiphobus
666 2703 766 2758 graves

258 2764 375 2834 Excepit
391 2763 462 2826 icius
479 2779 530 2838 pro
546 2764 654 2833 pudicis

292 2839 461 2908 (lonjugibus
478 2840 626 2908 puerisque
643 2839 754 2907 primus

224 2911 326 2969 Vixere
343 2915 429 2968 fortes
447 2917 512 2969 ante
530 2914 737 2982 Agamemnona

224 2987 307 3041 Multi
316 3007 323 3054 ;
341 2989 391 3042 sed
409 3005 503 3042 omnes
520 2988 721 3042 illacrimabiles

258 3061 400 3126 Urgeniur
418 3062 560 3130 ignotique
579 3063 660 3130 longa

293 3134 319 3186 N
321 3137 389 3201 orie,
408 3138 502 3188 careni
520 3136 585 3202 quia
602 3141 667 3190 vate
684 3153 768 3193 sacro.
