2036 3416
84 117 114 167 14
359 111 513 160 HORATII
530 109 662 160 FLAOOI
687 155 689 161 Α

455 263 568 316 XVIII-

85 347 216 414 Numan,
237 347 317 413 Vere,
336 362 412 401 saera
429 346 486 400 vite
504 347 581 418 prius
599 350 701 403 severis
718 349 844 413 arborem

86 423 164 476 Oirca
182 422 249 476 mite
267 422 354 476 solum
372 422 479 475 Tiburis
497 422 526 477 et
544 425 651 478 moenia
669 425 759 478 darili.

86 498 169 551 Siccis
186 497 276 552 omnia
293 515 356 550 nam
374 497 442 551 dura
460 499 528 552 deus
545 500 694 568 proposuit,
713 516 802 570 neque

85 573 231 628 Mordaces
249 574 329 628 aliter
347 573 493 642 diffugiunt
511 575 714 630 sollicitudines,

87 649 292 720 Quispostvina
303 667 413 718 gravem
425 651 549 704 militiam
562 655 610 704 aut
621 651 780 724 pauperiem
792 655 905 719 crepatl
932 669 948 708 ⁵

88 725 156 790 Quis
169 743 222 779 non
237 730 266 780 te
279 727 377 794 potius,
391 726 496 780 Bacche
508 729 595 795 pater,
607 730 699 795 teque,
712 726 812 780 decens
824 727 946 782 Venus?

87 804 128 854 At
145 819 180 855 ne
197 801 259 869 quis
277 801 377 854 modici
395 801 530 855 transiliat
547 819 660 855 munera
677 801 773 855 Liberi

88 872 241 930 Centaurea
258 879 352 930 monet
369 893 431 929 oum
449 877 571 945 Lapithis
589 878 649 930 rixa
667 893 841 945 supermerc

87 951 240 1018 Debellata,
258 955 351 1004 monet
369 951 500 1005 Sithoniis
516 969 569 1006 non
587 951 654 1006 levis
674 953 766 1020 liuius,
1011 969 1012 1010 l

88 1027 157 1081 Oum
175 1029 216 1080 fas
233 1029 316 1096 atque
333 1027 409 1080 nefas
427 1027 523 1095 exiguo
541 1029 595 1082 fine
612 1028 757 1081 libidinum
917 1044 946 1086 lo
1011 1011 1012 1100 l

88 1103 255 1156 Discernunt
272 1103 352 1156 avidi.
389 1103 451 1155 Non
469 1119 519 1170 ego
537 1106 573 1170 te,
591 1103 707 1156 candide
725 1103 865 1171 Bassareu,
1011 1101 1012 1146 l

88 1179 210 1233 Invitum
228 1178 356 1246 quatiam,
374 1194 424 1230 nec
441 1178 522 1230 variis
540 1177 628 1232 obsita
644 1179 788 1231 frondibus

87 1254 145 1308 Sub
163 1256 256 1309 divum
275 1253 386 1322 rapiam
421 1252 507 1306 Saeva
524 1255 589 1305 tene
608 1269 669 1306 cum
689 1253 822 1322 Berecynt
810 1255 848 1308 tio

88 1331 178 1384 Cornu
196 1336 330 1399 tympana,
349 1345 419 1398 quae
437 1327 612 1396 subsequitur
629 1346 725 1383 caecus
744 1332 830 1384 Amor
847 1330 890 1384 sui

87 1403 125 1459 Et
142 1407 240 1459 tollens
258 1422 371 1458 vaenum
388 1404 450 1475 plus
467 1404 549 1457 nimio
568 1406 660 1459 Gloria
678 1409 738 1458 vert
739 1406 815 1474 icem,
915 1422 943 1464 ιε
1011 1411 1012 1458 l

87 1483 244 1550 Aroanique
264 1479 348 1534 Fides
363 1479 485 1548 prodiga,
503 1479 668 1548 perlucidior
686 1481 712 1532 vi
714 1484 765 1538 tro

472 1623 552 1679 XIX.

222 1706 328 1760 Manna
349 1721 428 1759 saeva
447 1705 611 1774 Cupidinum

189 1780 387 1848 Thebanaeque
401 1779 484 1847 jubet
501 1797 544 1833 me
563 1781 684 1836 Semeles
701 1797 768 1850 puer

223 1856 260 1909 Et
278 1856 377 1908 lasciva
395 1855 517 1908 Licentia

188 1930 288 1984 Finitis
305 1930 424 1983 animum
441 1930 560 1984 reddere
577 1931 721 1989 amoribus.

187 2049 189 2053 .
222 2005 288 2059 Urit
305 2023 349 2058 me
368 2005 498 2074 Glycerae
516 2006 590 2058 nitor

188 2079 363 2149 Splendentis
381 2079 461 2134 Pario
478 2097 613 2134 marmore
630 2082 741 2152 purius3

222 2155 286 2209 Urit
303 2159 381 2223 grata
397 2156 563 2227 protervitas

188 2230 225 2284 nt
242 2230 332 2284 vultus
349 2230 463 2292 nimium
479 2229 599 2285 lubricus
616 2230 726 2300 adspici.

223 2305 257 2358 In
274 2321 318 2358 me
335 2309 394 2358 tota
411 2321 493 2358 ruens
511 2307 608 2360 Venus
979 2371 982 2380 Ι

189 2381 306 2450 Cyprum
324 2381 452 2448 deseruit,
470 2397 521 2434 nec
538 2383 643 2450 patitur
660 2383 773 2453 Scythas
914 2407 940 2446 m

223 2457 259 2511 lit
276 2456 361 2510 versis
378 2457 528 2510 animosum
546 2458 624 2526 equis

189 2532 320 2586 Parthum
338 2533 429 2586 dicere
446 2549 497 2586 nec
514 2550 584 2603 quae
602 2533 669 2586 nihil
688 2535 812 2592 attinent

223 2609 277 2662 Hic
295 2609 385 2662 vivum
403 2609 470 2662 mihi
488 2610 644 2678 caespitem,
662 2611 707 2664 hic

188 2683 338 2754 Verbanus,
356 2686 442 2754 pueri,
460 2686 554 2754 ponite
572 2686 708 2752 thuraque

221 2759 293 2812 Bimi
311 2777 372 2819 cum
390 2764 485 2828 patera
502 2761 584 2814 meri:

187 2832 308 2888 Mactata
325 2835 418 2889 veniet
435 2833 522 2888 lenior
539 2834 633 2890 hostia

478 2977 541 3030 XX.

187 3055 259 3111 an
276 3057 383 3124 potabis
400 3056 513 3110 modicis
532 3057 662 3112 Sabinum

187 3130 331 3184 Cantharis
349 3131 454 3184 Graeca
472 3131 545 3198 quod
563 3147 613 3197 ego
630 3133 689 3198 ipse
707 3135 782 3188 testa
