2008 3416
308 113 524 162 SATIRARUM
540 113 563 161 I.
582 115 606 164 3.
836 113 881 161 113

1 201 2 206 ’
29 192 84 248 Aut
101 194 229 262 positum
248 195 312 247 ante
329 210 391 247 mea
408 193 471 262 quia
488 193 592 260 pullum
609 192 638 245 iu
655 194 734 260 parte
751 192 834 247 catini

1 263 2 270 ’
28 269 144 322 Sustulit
163 269 298 334 esuriens,
316 269 406 322 minus
424 269 474 322 hoc
488 267 626 336 jucundus
643 269 745 321 amicus

29 342 67 397 Sit
83 345 176 398 mihil
216 344 289 408 Quid
305 344 403 397 faciam
421 344 444 397 si
461 344 565 397 furtum
582 344 684 410 fecerit,
701 347 750 398 aut
767 343 791 396 si

1 463 2 484 ἶ
29 417 188 473 Prodiderit
207 419 349 472 commissa
365 419 421 472 fide
439 435 601 489 sponsumve
618 419 744 486 negarit‘l
858 434 882 474 ea

30 493 94 556 Quis
112 495 195 564 paria
212 510 273 548 esse
290 495 347 548 fero
364 495 466 562 placuit
482 498 593 562 peccata
608 494 734 548 laborant

1 569 2 591 ³
30 570 97 622 Cum
108 573 226 624 ventum
239 570 275 623 ad
286 587 381 624 verum
393 574 451 636 est;
466 585 559 624 sensus
571 587 715 638 moresque
727 574 882 638 repugnant

1 677 2 686 κ
31 647 124 713 Atque
141 647 205 714 ipsa
221 646 335 713 utilitas,
349 646 420 714 justi
436 662 522 715 prope
539 649 627 700 mater
645 650 673 700 et
691 647 779 714 aequi.

1 695 2 790 i
30 719 98 774 cum
115 727 315 790 prorepserunt
330 722 426 790 primis
443 721 570 774 animalia
586 722 675 788 terrie,

1 799 2 842 ἕ
31 795 140 850 Mutum
148 800 363 866 etturpepeeus‚
373 797 501 865 glandem
509 802 593 866 atque
601 797 822 867 cubiliapropter
848 813 881 854 loo

1 869 2 876 ’
31 872 177 939 Unguibus
196 875 226 925 et
243 873 349 940 pugnis,
367 873 432 926 dein
449 873 575 940 fustibus,
593 876 676 941 atque
694 874 734 926 ita
750 889 831 942 porro

33 946 198 1014 Pugnabant
214 949 297 1000 armis
316 965 385 1016 quae
402 952 466 1017 post
482 948 663 1002 fabricaverat
679 965 753 1015 susm,

32 1021 125 1076 Donec
143 1021 230 1076 verba
247 1023 346 1092 quibus
363 1040 441 1078 voces
459 1039 607 1090 sensusque
623 1026 751 1078 notarent

1 1155 2 1162 χ
32 1096 206 1167 {feminaque
222 1098 365 1160 invenere;
381 1099 481 1153 dehine
498 1099 630 1152 absistere
647 1098 727 1167 bello,

1 1239 2 1242 Ἰ
33 1172 143 1241 Oppida
159 1177 306 1242 coeperrurt
323 1174 429 1227 munire
446 1177 476 1228 et
492 1190 593 1242 ponere
609 1174 692 1242 leges,
850 1187 883 1228 10⁵

32 1249 73 1302 Ne
92 1250 157 1318 quis
173 1249 220 1302 fur
236 1254 317 1314 esset,
334 1267 388 1303 neu
404 1251 483 1317 latro,
501 1267 555 1304 neu
573 1250 634 1319 quis
651 1249 768 1304 adulter.

32 1324 103 1378 Nam
120 1325 177 1378 fuit
194 1328 258 1378 ante
276 1318 411 1378 Helen'am
428 1342 531 1378 cunnus
548 1325 697 1379 teterrima
706 1325 772 1379 belli

34 1401 128 1466 Causa,
148 1400 198 1454 sed
214 1400 314 1468 ignotis
331 1401 473 1469 perierunt
489 1401 623 1453 mortibus
640 1401 687 1466 illi,

34 1477 106 1539 Quos
123 1492 254 1530 venerem
270 1477 402 1530 incertam
419 1477 558 1545 rapientes
574 1493 649 1530 more
665 1476 784 1530 ferarum

34 1551 149 1606 Viribus
166 1552 267 1606 editior
284 1553 423 1620 caedebat,
441 1553 519 1606 utin
535 1569 619 1620 grege
636 1556 739 1606 taurus.
850 1565 883 1606 uo

35 1628 50 1678 J
53 1645 102 1682 ura
118 1628 233 1681 inventa
249 1631 326 1681 metu
341 1627 438 1696 injusti
454 1629 559 1681 fateare
576 1635 691 1682 necesse
706 1630 757 1695 est,

1 1743 2 1755 ,
36 1702 169 1772 Tempora
186 1704 211 1757 si
227 1703 365 1772 fastosque
382 1704 450 1758 velis
468 1703 592 1756 evolvere
609 1703 712 1756 mundi'.

35 1780 91 1834 Nec
108 1783 212 1834 natura
228 1784 320 1848 petest
332 1780 410 1847 justo
428 1795 570 1833 secernere
587 1779 718 1847 iniquum,

35 1855 144 1910 Dividit
160 1858 194 1908 ut
210 1854 283 1908 bona
301 1855 423 1924 diversis,
440 1855 570 1923 fugienda
587 1855 727 1923 petendis;

35 1931 91 1986 Nec
103 1932 199 1985 vincet
209 1931 280 1984 ratio
291 1931 348 1999 hoo,
361 1932 524 1984 tantundem
536 1935 568 1986 ut
579 1933 674 1999 peccet
686 1931 816 1998 idemque
852 1943 885 1982 115

36 2007 85 2070 Qui
102 2011 218 2062 teneros
235 2007 324 2060 caules
341 2007 421 2060 alieni
438 2008 554 2075 fregerit
570 2007 644 2060 horti

36 2082 70 2136 Et
86 2082 140 2152 qui
157 2085 303 2156 nocturnus
320 2097 396 2136 sacra
413 2081 506 2136 divum
523 2082 629 2151 legerit.
664 2079 748 2134 Adsit

38 2157 146 2226 Regula
161 2158 280 2228 peccatis
297 2173 367 2226 quae
384 2173 485 2226 poenas
501 2159 605 2224 irroget
623 2172 731 2224 aequas,

37 2233 79 2286 Ne
97 2233 203 2287 scutica
220 2233 332 2300 dignum
349 2231 471 2286 horribili
491 2237 594 2286 sectere
612 2231 725 2299 flagello.

37 2310 108 2362 Nam
126 2311 161 2363 ut
177 2309 264 2362 ferula
282 2309 379 2362 caedas
396 2309 524 2362 meritum
542 2309 646 2376 majora
663 2307 755 2362 subire
828 2359 829 2363 ,
854 2321 886 2359 mo

38 2385 164 2438 Verbera
179 2388 234 2437 non
251 2399 355 2450 vercor,
372 2400 434 2437 cum
452 2385 527 2437 dicas
545 2399 604 2437 esse
620 2399 700 2452 pares
717 2399 748 2438 re

38 2460 125 2514 Furta
143 2459 291 2513 latrociniis
308 2463 337 2513 et
353 2461 458 2527 magnis
475 2475 558 2528 parve
575 2459 685 2513 mineris

38 2536 120 2590 Falce
138 2535 289 2588 recisurum
307 2535 440 2602 similite,
459 2536 482 2587 si
498 2535 550 2588 tibi
566 2551 681 2602 regnum

38 2611 208 2665 Permittant
225 2611 353 2664 homines.
389 2611 418 2664 si
437 2611 512 2664 dives
530 2611 578 2678 qui
596 2612 703 2679 sapiens
721 2611 771 2676 est,

38 2687 75 2740 Et
91 2689 172 2740 sutor
188 2685 274 2739 bonius
293 2690 321 2740 et
339 2687 411 2740 solus
427 2685 560 2738 formosus
578 2690 606 2740 et
624 2689 667 2739 est
683 2685 740 2751 reu,
857 2703 888 2741 na

38 2763 94 2815 Cur
111 2764 194 2831 optas
211 2761 285 2830 quod
301 2762 402 2816 habesl
432 2761 457 2814 N
460 2777 495 2814 on
511 2761 583 2814 nosti
600 2761 667 2830 quid
684 2764 771 2828 pater,
789 2757 886 2826 inquit,

39 2838 207 2906 Chrysippus
224 2836 313 2892 dicat:
332 2837 445 2906 Sapiens
462 2837 586 2904 crepidas
604 2836 655 2888 sibi
673 2849 812 2902 nunquam

38 2913 97 2967 Neo
115 2912 206 2965 soleas
222 2912 295 2980 fecit,
314 2917 390 2967 sutor
406 2916 499 2966 tamen
517 2916 559 2970 est
576 2911 689 2979 sapiens.
726 2909 798 2974 Quin

39 2988 78 3041 Ut
95 2988 222 3058 quamvis
239 2991 315 3042 tacet
333 2989 522 3054 Hermogenes
540 2991 635 3041 cantor
652 2990 744 3039 tamen
761 2988 844 3053 atque

39 3064 169 3132 Optimus
186 3067 229 3117 cst
246 3063 413 3128 modulator;
430 3067 462 3116 ut
481 3063 605 3115 Alfenius
622 3062 705 3129 vafer,
723 3061 796 3114 omni
856 3074 890 3114 rao

40 3140 162 3207 Abjecto
178 3138 359 3192 instrumento
377 3139 444 3192 artis
462 3138 606 3204 clausaque
622 3137 744 3205 taberna,
