2008 3416
317 47 463 95 EPODON
480 47 598 108 LIBER,
620 48 657 98 17.
870 49 912 98 llll

127 127 236 184 Reddit
253 126 302 179 ubi
320 126 450 180 Cererem
467 127 550 180 tellus
567 128 674 182 inarata
692 129 838 198 quotannis

139 265 143 271 ¹
163 203 205 257 Et
221 202 358 270 imputata
376 201 457 254 lloret
475 218 562 270 usque
581 203 668 270 vinea,

125 277 275 333 Germinat
292 281 323 330 et
339 293 478 345 nunquam
495 277 613 330 fallentis
631 281 733 332 termes
750 279 844 346 olivae,
892 294 916 334 οο

163 353 305 422 Suamque
322 353 398 420 pulla
414 352 482 406 ficus
500 357 580 406 ornat
593 352 726 419 arborem,

7 455 8 502 ο
105 499 108 503 Ι
127 428 216 484 Mella
233 445 300 482 cava
317 432 431 482 manant
448 444 483 482 ex
499 427 569 495 ilice,
587 428 726 483 montibus
743 427 807 484 altis

163 503 247 556 Levis
264 507 395 572 crepante
412 503 522 572 lympha
540 503 635 557 desilit
651 502 730 572 pede.

129 577 194 633 lllic
210 578 331 646 injussae
349 578 463 632 veniunt
480 579 517 632 ad
534 578 651 632 mulctra
668 577 792 646 capellae,

68 692 71 700 .
165 654 320 722 Refertque
337 658 416 708 tenta
433 670 501 721 grex
519 654 621 708 anricus
638 653 741 718 ubera;
895 668 906 706 r

129 729 157 783 N
159 746 194 783 cc
211 730 385 798 vespertinus
403 729 590 797 circumgemit
607 746 687 782 uram
697 729 783 796 ovile,

165 805 266 874 Neque
283 805 441 859 intumescit
459 805 515 858 alta
532 805 632 873 viperis
649 806 754 860 humus.

129 881 271 950 Pluraque
287 880 380 934 felices
397 881 574 935 mirabimur:
597 883 630 934 ut
647 897 736 949 neque
753 878 835 947 largis

166 957 298 1024 Aquosus
316 956 406 1010 Eurus
424 972 489 1010 arva
506 954 588 1009 radat
604 955 745 1021 imbribus,

130 1031 249 1098 Pinguia
265 1047 318 1085 nec
335 1031 412 1084 siccis
429 1035 544 1084 tuantur
561 1030 664 1084 semina
682 1030 777 1098 glebis,
894 1043 918 1082 aa

165 1107 325 1174 Utrumque
342 1123 408 1174 rege
426 1110 599 1176 temperante
615 1106 751 1161 caelitum.

129 1182 158 1236 N
158 1198 196 1235 on
212 1182 268 1235 huc'
284 1183 377 1248 Argoo
395 1181 536 1235 contendit
553 1182 658 1248 remige
675 1180 761 1250 pinus,

166 1257 266 1326 Neque
284 1257 423 1324 impudica
440 1256 547 1310 Colchis
564 1257 658 1310 intulit
674 1256 789 1326 pedem3

130 1332 159 1387 N
160 1349 197 1386 on
213 1333 268 1386 huc
286 1331 391 1386 Sidonii
408 1335 549 1388 torsenmt
565 1348 666 1386 cornua
682 1334 782 1385 nautae

168 1407 317 1462 Laboriosa
333 1424 384 1462 nec
400 1407 496 1462 cohors
514 1407 614 1461 Ulixei.
893 1421 917 1460 οο

130 1482 217 1538 Nulla
233 1487 334 1538 nocent
350 1484 443 1552 pecori
461 1483 592 1551 contagia,
609 1482 709 1538 nullius
726 1481 794 1536 astri

168 1559 287 1626 Gregcm
304 1564 430 1614 aestuosa
447 1563 534 1613 torret
551 1559 719 1626 impotentia.

130 1633 265 1701 iuppiter
282 1634 330 1687 illa
346 1634 408 1702 piae
426 1635 542 1688 secrevit
559 1633 653 1688 littora
669 1633 754 1701 genti,

168 1709 210 1762 Ut
225 1709 378 1778 inquinavit
394 1727 459 1764 aere
476 1713 585 1778 tempus
602 1725 732 1775 aureum;

132 1783 219 1852 Aere,
236 1784 335 1838 dehinc
351 1785 425 1839 ferro
443 1785 553 1840 dinavit
570 1785 672 1850 secula;
690 1799 804 1854 quorum
894 1795 918 1836 tt

171 1859 228 1913 Piis
245 1860 365 1916 secunda
382 1864 445 1916 rate
463 1877 508 1916 me
526 1861 609 1918 datur
624 1861 696 1930 luga
738 1899 740 1904 -

443 2005 541 2062 XVII.

133 2088 155 2143 J
156 2102 198 2142 Δοο
211 2086 272 2156 jam
289 2087 391 2143 efficaci
408 2088 444 2144 do
462 2105 557 2142 manus
574 2086 711 2154 scientiae,

134 2165 258 2232 Supplex
276 2167 306 2218 et
323 2181 371 2218 oro
388 2181 474 2233 regna
490 2181 541 2232 per
559 2161 745 2231 Proserpinae,

135 2240 192 2294 Per
208 2252 238 2294 et
256 2239 360 2294 Dianae
377 2255 432 2294 non
448 2239 583 2294 movenda
599 2239 717 2306 numina,

135 2315 193 2368 Per
209 2319 293 2384 atque
309 2315 395 2370 libros
412 2317 562 2370 carminum
579 2313 727 2368 valentium

135 2390 236 2446 Rcfixa
252 2391 327 2444 caclo
345 2391 477 2445 devocare
495 2389 593 2458 sidera,
908 2401 920 2440 ο

136 2467 258 2534 Canidia,
275 2483 357 2536 parce
374 2467 485 2520 vocibus
501 2465 613 2520 tandem
631 2465 713 2520 sacris

136 2540 285 2610 Citumque
303 2544 378 2594 retro
396 2541 477 2608 solve,
496 2540 569 2594 solve
586 2539 731 2594 turbinem.

136 2617 227 2671 Movit
244 2620 374 2684 nepotem
393 2615 529 2688 Telephus
547 2616 689 2682 Neretum,

138 2691 174 2745 In
192 2707 274 2760 quem
292 2691 425 2760 superbus
443 2691 583 2746 ordinarat
600 2691 708 2758 agmina

137 2766 279 2841 Mysorum
297 2771 326 2820 et
343 2767 371 2820 iu
390 2783 472 2840 quem
488 2767 547 2821 tela
563 2769 643 2820 acuta
659 2763 784 2818 torserat
898 2771 920 2810 ιο

137 2841 252 2896 Unxere
269 2845 372 2896 matres
391 2841 460 2895 lliae
478 2841 619 2896 addictum
637 2839 703 2892 feris

139 2917 262 2971 Alitibus
280 2921 364 2986 atquc
381 2916 493 2971 canibus
511 2913 672 2970 homicidam
693 2912 851 2969 Hectorem.

140 2992 291 3061 Postquam
309 2993 412 3046 relictis
430 2991 571 3045 moenibus
589 3005 638 3042 res
655 2986 772 3056 procidit

140 3067 206 3122 Heu
222 3067 371 3136 pervicacis
388 3067 425 3120 ad
443 3066 527 3131 pedes
547 3064 671 3119 Achillei.
