2044 3416
16 31 18 132 ξ
330 68 545 117 sarrnsnurr
562 68 599 118 11
617 72 640 118 a.
856 75 900 127 1⁵7

16 149 18 234 j
16 135 192 204 Ridiculus
212 153 288 203 totas
305 144 390 202 semel
407 147 554 202 obsorbere
570 147 723 217 placentas;

16 225 244 278 Nomentanus
262 223 298 276 ad
314 222 373 290 hoc,
391 224 438 292 qui
456 224 479 276 si
496 223 564 292 quid
580 224 652 278 forte
669 225 770 281 lateret
880 245 904 284 as

46 301 142 354 Indice
161 302 335 354 monstraret
352 300 453 366 digito.
471 316 534 352 uam
552 303 644 353 cetera
661 301 751 368 turba,

16 365 18 430 l
45 377 109 443 h'os,
128 377 258 444 inquam,
276 391 419 428 coenamus
437 391 507 442 ares,
524 375 668 443 conchylia,
685 377 781 446 pisces,

16 437 140 520 Longe
159 449 327 503 dissimilem
343 453 408 504 noto
426 450 542 504 celantia
559 467 682 515 succum

46 527 84 580 Ut
101 526 149 580 vel
169 525 302 579 continuo
318 526 416 594 patuit,
433 542 494 578 cum
511 525 630 594 passeris
647 530 731 596 atque

16 657 17 672 ἶ
48 601 200 670 lnemrstata
217 600 284 653 milri
300 604 459 668 porrexerat
476 601 523 654 ilia
539 601 652 656 rhombi.
881 620 905 659 ιο
967 644 970 650 .

16 675 17 720 l
49 677 114 730 Post
133 677 189 730 hoc
207 692 254 728 me
272 675 365 730 docuit
381 676 516 730 melimela
533 675 633 730 rubere
650 677 783 734 minorem

16 745 18 788 l
50 752 94 805 hd
112 752 213 804 lunam
232 751 345 804 delecta.
381 751 453 815 Quid
470 751 520 804 hoo
537 752 647 806 intersit
664 752 699 806 ab
716 755 775 822 ipso

50 828 188 880 Audieris
205 826 310 880 melius.
346 826 415 879 Tum
433 827 561 880 Vibidius
579 827 732 883 Balatroni:

16 927 18 970 ,
50 902 107 955 Nos
125 902 183 954 nisi
203 901 333 956 damnose
350 901 469 955 bibimus
486 903 633 955 moriemur
650 903 743 960 inulti:

16 975 18 1002 ²
50 978 85 1032 Et
102 977 208 1031 calices
225 977 313 1046 poscit
330 977 455 1045 majores.
491 977 609 1032 Vertere
627 979 713 1046 pallor
881 996 905 1037 ³⁵

16 1049 17 1064 ³
51 1053 120 1106 Tum
138 1052 255 1122 parochi
271 1053 369 1106 faciem
385 1053 424 1106 nil
441 1053 480 1106 sic
496 1054 644 1107 metuentis
660 1057 693 1108 ut
709 1071 786 1110 acres

52 1129 179 1196 Potores,
198 1127 242 1181 vel
260 1127 333 1197 quod
350 1127 420 1182 male
438 1128 533 1182 dicunt
549 1128 661 1182 liberius
678 1131 721 1184 vel

16 1245 17 1260 2
52 1204 175 1258 Fervida
194 1203 268 1271 quod
285 1203 386 1258 subtile
403 1199 553 1258 exsurdant
571 1205 634 1258 vina
650 1205 779 1274 palatum.

16 1291 18 1330 ε
53 1280 206 1333 Invertunt
225 1278 350 1332 Allifanis
368 1279 470 1332 vinaria
486 1282 547 1333 tota

52 1355 187 1407 Vibidius
206 1353 379 1422 Balatroque,
398 1354 498 1410 secutis
515 1354 655 1421 omnibus;
672 1356 720 1410 imi
883 1372 908 1413 so

54 1430 194 1484 Convivae
210 1429 275 1494 lecti
292 1428 403 1482 nihilum
422 1445 538 1484 nocuere
555 1429 666 1499 lagenis.

55 1506 183 1558 Affertur
201 1504 311 1572 squillas
328 1505 401 1558 inter
418 1521 547 1559 muraena
563 1509 688 1560 natantes

55 1581 88 1634 ln
96 1581 196 1649 patina
202 1583 333 1648 porrecta
349 1579 405 1633 Sub
412 1580 463 1634 hoc
469 1580 800 1650 herus2‘Haecgravida'
808 1583 904 1651 inquit,

56 1657 161 1724 ‘Capta
180 1658 232 1720 est,
250 1655 369 1709 deterior
385 1659 448 1724 post
465 1659 574 1724 partum
591 1672 671 1710 carne
688 1655 787 1712 lutura.

56 1732 109 1785 His
126 1731 247 1784 mixtum
261 1729 308 1797 jus
325 1734 383 1784 est:
401 1731 461 1784 oleo
478 1731 552 1800 quod
567 1732 654 1799 prima
672 1731 785 1786 Venafri
882 1757 905 1797 45

57 1807 164 1860 Pressit
183 1805 266 1870 cella;
282 1822 348 1873 garo
365 1807 401 1860 de
418 1808 504 1860 succis
521 1806 603 1874 piscis
621 1805 732 1873 Hiberi;

56 1881 130 1935 Vino
149 1880 326 1950 quinquenni,
343 1897 438 1935 verum
456 1882 524 1936 citra
540 1898 616 1935 mare
633 1885 705 1949 nato,

56 1957 131 2010 Dum
150 1957 388 2025 coquitur-cocto
406 1957 504 2011 Chium
522 1957 561 2011 sic
578 1958 709 2024 convenit,
726 1955 830 2012 utnon

56 2033 120 2086 Hoc
136 2032 227 2100 magis
244 2031 329 2086 ullum
347 2033 421 2086 aliud
429 2033 564 2101 3-pipere
581 2032 650 2099 albo,
667 2048 721 2084 non
740 2033 798 2088 sine
815 2037 899 2100 aceto,

57 2109 139 2172 Quod
158 2107 380 2175 Methymnaeam
396 2108 463 2162 vitio
480 2108 627 2162 mutaverit
644 2124 731 2161 uvam.
876 2125 899 2164 so

58 2185 164 2237 Erucas
182 2183 292 2251 virides,
310 2183 397 2237 inulas
414 2200 464 2252 ego
481 2184 585 2253 primus
602 2199 707 2237 amaras

57 2259 213 2312 Monstravi
230 2259 381 2328 incoquere,
399 2261 500 2314 inlutos
518 2259 649 2314 Curtillus
666 2260 783 2330 achinoe,

58 2334 98 2388 Ut
116 2333 218 2387 mchus
235 2335 321 2388 muria
340 2335 413 2402 quod
430 2339 503 2389 testa
519 2335 623 2388 marina
640 2335 777 2390 remittat!

58 2411 176 2466 Interea
193 2425 322 2478 suspensa
338 2427 433 2478 graves
451 2411 544 2464 aulaea
561 2411 652 2464 ruinas
746 2461 749 2468 .

58 2488 92 2540 In
111 2485 237 2555 patinam
253 2485 381 2554 fecerat
369 2487 506 2541 trahentia
522 2485 641 2556 pulveris
658 2487 711 2542 atri
878 2488 900 2528 ⁵5

59 2565 203 2648 Quantum
221 2578 274 2614 uon
293 2562 394 2630 Aquilo
413 2563 557 2632 Campanis
574 2562 676 2616 excitat
693 2561 772 2628 agris.

58 2637 118 2692 Nos
136 2637 192 2705 maj
195 2653 229 2690 us
246 2637 327 2691 veriti
344 2641 488 2708 postquam
506 2638 573 2692 nihil
591 2652 651 2690 esse
667 2635 762 2704 pericli

58 2713 204 2767 Sensimus
222 2713 358 2781 erigimur
395 2714 482 2768 Rufus
498 2714 586 2783 posito
604 2709 700 2778 capite,
718 2712 751 2763 ut
768 2707 792 2763 si

59 2788 150 2842 Filius
169 2789 330 2842 immaturus
347 2790 457 2857 obisset,
475 2790 549 2843 flere.
583 2786 649 2851 Quis
667 2787 740 2838 esset

61 2863 139 2917 Finis
158 2864 188 2916 ni
207 2865 311 2933 sapiens
330 2866 368 2918 sio
386 2867 572 2918 Nomentanus
590 2860 705 2915 amioum
882 2867 905 2908 6⁰

61 2938 199 2992 Tolleret:
216 2939 302 3006 ‘Heu
322 2939 449 3006 Fortuna,
468 2941 529 3009 quis
547 2941 590 2992 est
607 2934 742 2990 crudelior
759 2934 788 2988 in
805 2950 855 2990 uos

62 3013 103 3066 'le
121 3014 212 3068 densi
248 3015 288 3068 Ut
306 3032 413 3084 senipcr
430 3016 533 3084 gaudes
551 3013 665 3067 illudere
682 3011 764 3064 rebus

63 3088 204 3143 Humanis
214 3089 228 3142 !’
264 3091 364 3144 Varius
382 3108 481 3159 mappa
497 3102 668 3157 compescere
685 3085 770 3142 risum
