2036 3416
390 61 544 114 HORATII
561 61 692 112 FLAOOI

255 142 353 198 Virtus
369 140 514 196 recludens
530 141 675 195 immeritis
692 141 763 197 mori

256 216 488 284 Caelumnegeta
504 218 597 270 tentat
614 215 669 270 iter
685 215 737 284 vin

290 291 446 360 Coetusque
464 291 589 358 vulgares
607 294 636 344 et
654 289 738 344 udam

323 367 436 436 Spernit
452 366 565 419 humum
583 365 706 432 fugiente
722 381 830 435 perum.¹

257 443 308 496 Est
325 445 355 497 et
372 441 447 496 fideli
464 444 527 495 tuta
544 440 652 494 silentio

256 517 375 572 Merces:
393 515 492 571 vetabo
509 515 557 585 qui
575 515 684 570 Cereris
702 531 808 572 sacrum
859 535 861 540 ·

291 590 419 659 vulgarit
436 607 551 645 arcanae
568 588 620 644 snb
637 589 725 645 isdem

325 666 368 720 Sit
386 665 510 719 trabibus
527 663 684 733 fragilemve
701 681 808 722 mecum

257 740 350 797 Solvet
366 739 510 808 phaselum
529 756 611 808 saepe
628 740 767 808 Diespiter

256 815 405 883 Neglectae
422 815 525 869 incesto
542 815 651 868 addidit
667 814 809 883 integrum.

291 890 366 945 Raro
383 890 591 944 antecedentem
609 889 753 944 scelestum

325 965 454 1020 Deseruit
470 964 542 1035 pede
560 964 652 1019 Poena
668 964 773 1021 claudo.

514 1105 572 1160 III.

256 1189 369 1244 Jusrnn
387 1191 416 1243 et
432 1191 557 1244 tenacem
574 1187 705 1258 propositi
722 1187 810 1242 virum

258 1264 320 1320 Non
337 1264 436 1318 civium
453 1264 536 1318 arder
552 1279 637 1332 prava
650 1263 815 1331 jubentium,

290 1339 354 1394 Non
370 1339 461 1393 vultus
477 1336 604 1392 instantis
620 1339 728 1406 tyranni

326 1414 421 1468 Mente
438 1413 528 1484 quatit
546 1412 638 1480 solida,
656 1429 744 1482 neque
762 1415 868 1468 Auster

257 1487 322 1542 Dux
338 1489 453 1559 inquieti
470 1487 597 1542 turbidus
615 1487 745 1556 Hadriae,

257 1563 284 1617 N
286 1579 317 1618 ec
333 1563 500 1618 fulminantis
517 1579 616 1631 magna
632 1579 728 1616 manus
745 1561 837 1630 Jovis;

291 1638 322 1694 Si
339 1639 441 1694 fractus
457 1637 586 1693 illabatur
603 1637 677 1692 orbis

326 1714 497 1783 Imparidum
514 1715 613 1768 ferient
630 1714 732 1770 ruinae.

257 1788 319 1842 Hac
335 1793 395 1842 arte
413 1787 510 1843 Pollux
527 1793 557 1844 et
573 1806 657 1858 vagus
675 1789 809 1844 Hercules
908 1803 911 1810 ¹

258 1863 357 1918 Enisus
374 1879 450 1918 arces
468 1864 560 1932 attigit
577 1864 677 1933 igneas,

251 1992 253 1997 ,
292 1938 366 2003 Quos
382 1939 456 1992 inter
473 1939 615 2007 Augustus
632 1939 793 1994 recumbens

325 2014 466 2084 Purpureo
482 2014 554 2070 bibit
571 2031 618 2070 cre
634 2018 736 2070 nectar.

257 2088 318 2144 Hac
335 2097 365 2146 te
378 2095 540 2158 merentem,
559 2091 665 2145 Bacche
683 2094 770 2160 pater,
787 2093 853 2146 tuae

255 2164 366 2221 Verere
384 2168 470 2235 tigres
487 2166 596 2220 indocili
610 2165 710 2234 jugum

289 2241 366 2295 Collo
382 2242 538 2308 trahentes3
554 2241 606 2295 hac
624 2241 752 2305 Quirinus

323 2315 422 2370 Martis
440 2317 517 2386 equis
536 2316 694 2371 Acheronta
710 2315 789 2386 fugit,

255 2389 373 2444 Gratum
389 2391 496 2446 elocuta
513 2391 716 2446 consiliantibus

254 2463 366 2538 Junone
385 2466 468 2522 divis:
488 2467 566 2535 Ilion,
586 2467 657 2521 llicn

288 2538 401 2594 Fatalis·
409 2541 586 2611 incestusque
598 2541 690 2610 judex

321 2614 360 2669 Et
376 2616 473 2670 mulier
489 2617 633 2686 peregrine
650 2615 735 2671 vertit

253 2687 289 2743 In
306 2689 452 2760 pulverem,
470 2707 505 2746 en
523 2708 577 2761 quo
594 2692 722 2746 destituit
740 2689 807 2746 deos

256 2763 386 2820 Mercede
403 2768 484 2836 pacta
502 2766 665 2834 Laomedon,
682 2766 751 2820 mihi

284 2839 439 2911 (laetaeque
456 2841 616 2896 demnatum
634 2842 781 2896 Minervae

323 2916 392 2970 (ium
409 2917 508 2985 populo
525 2921 556 2971 et
573 2917 643 2970 duce
660 2917 842 2974 fraudulente.

252 2986 273 3040 J
274 3004 317 3041 am
334 3006 386 3044 nec
403 2991 544 3044 Lacaenae
562 2990 689 3058 splendet
707 2991 852 3048 adulterae

251 3060 384 3116 Famosus
400 3064 506 3131 hospes,
522 3079 573 3118 nec
591 3064 693 3118 Priami
710 3065 809 3122 domus

945 2633 970 2673 ἵ)
