2008 3416
92 121 138 169 132
358 117 513 166 HORATII
529 117 661 167 FLACOI

89 199 230 254 credebat
247 198 331 266 libris,
349 214 439 267 neque
458 197 572 251 simale
590 201 710 252 cesserat
726 215 850 267 unquam

88 274 243 328 Decurrens
260 271 321 341 alio,
338 290 428 341 neque
446 273 469 326 si
487 273 573 338 bene;
591 289 645 341 quo
663 273 696 327 fit
712 277 745 328 ut
763 274 854 328 omnis

88 349 189 404 Votiva
206 353 301 418 pateat
318 350 402 403 veluti
421 349 559 416 descripta
576 348 679 402 tabella

89 426 155 480 Vita
173 426 252 479 senis.
288 426 393 494 Sequor
409 425 488 492 hunc,
502 424 627 477 Lucanus
645 441 680 477 an
698 424 807 492 Apulus
824 441 963 498 anceps:

88 501 114 554 N
116 519 160 555 am
178 501 335 556 Venusinus
352 504 413 554 arat
430 500 514 554 finem
532 499 583 553 sub
600 503 749 568 utrumque
766 500 889 571 colonus,
930 525 961 564 35

88 577 190 631 Missus
207 577 311 631 adhoc
328 577 420 645 pulsis,
437 578 516 629 vetus
534 577 626 629 estut
643 576 723 644 fama,
742 576 868 645 Sabellis,

88 652 148 716 Quo
165 670 200 706 ne
217 669 267 720 per
284 667 397 706 vacuum
416 651 539 704 Romano
556 651 710 705 incurreret
727 651 822 720 hostis,

88 727 151 781 Sive
169 727 244 796 quod
263 727 353 794 Apula
370 743 437 794 gens
455 743 503 780 seu
521 726 595 796 quod
613 727 733 781 Lucania
750 727 853 781 bellum

88 802 231 856 Ineuteret
249 803 373 855 violenta.
410 802 465 856 Sed
482 802 527 856 hic
544 803 623 857 stilus
641 803 715 856 haud
732 807 811 872 petet
828 805 909 858 ultro
1001 799 1002 802 '

88 879 258 946 Quemquam
276 878 442 931 animantem
460 882 490 932 et
507 895 551 932 me
569 878 653 931 veluti
671 879 808 933 custodiet
825 881 905 934 ensis
928 899 957 937 ιο

87 952 195 1020 vagina
213 956 319 1018 tectus;
337 969 419 1022 quem
437 970 486 1006 cur
504 954 671 1021 distringere
689 971 771 1008 coner

87 1028 173 1082 'lutus
191 1027 226 1082 ab
243 1029 351 1083 infestis
368 1029 540 1084 latronibust
577 1029 601 1082 Ο
619 1033 698 1098 pater
717 1033 746 1084 et
763 1047 812 1085 rex

87 1103 223 1174 luppiter,
241 1109 273 1160 ut
290 1109 385 1174 pereat
403 1106 522 1174 positum
540 1104 666 1173 rubigine
683 1106 778 1174 telum,

87 1179 113 1232 N
115 1197 146 1234 ec
163 1181 306 1251 quisquam
324 1185 420 1234 noceat
437 1181 536 1249 cupido
554 1181 621 1234 mihi
638 1181 728 1250 pacis!
766 1183 807 1236 At
823 1181 872 1238 ille

88 1255 140 1319 Qui
157 1273 201 1310 me
219 1256 500 1324 commorit-melius
517 1273 571 1309 non
589 1259 717 1324 tangere!
738 1257 838 1324 clam03
922 1286 951 1324 45
1002 1273 1003 1276 ’

87 1330 179 1386 Flebit
197 1336 226 1387 et
242 1332 356 1400 insignis
372 1336 432 1386 tota
450 1332 604 1385 cantabitur
620 1332 696 1385 urbe.
778 1359 782 1366 .

88 1407 200 1462 Cervius
217 1407 303 1462 iratus
320 1409 395 1476 leges
412 1407 555 1461 minitatur
572 1411 602 1461 et
619 1423 723 1475 urnam,

88 1481 202 1537 Canidia
220 1484 318 1537 Albuti
337 1484 435 1551 quibus
453 1487 497 1538 est
514 1483 623 1537 inimica
641 1499 783 1552 venenum,

87 1557 197 1612 Grande
215 1559 316 1612 malum
335 1559 440 1627 Turius,
460 1559 482 1612 ri
500 1558 568 1628 quid
586 1575 615 1612 se
629 1558 724 1625 judice
742 1562 842 1614 certes.

87 1633 127 1688 Ut
144 1651 198 1703 quo
216 1635 331 1703 quisque
347 1635 420 1689 valet
438 1639 577 1703 suspectos
595 1637 707 1702 terreat,
724 1638 811 1703 utque
924 1656 953 1696 50

88 1709 210 1778 Imperet
227 1710 278 1763 hoc
295 1713 393 1764 natura
410 1714 516 1778 potens,
535 1711 573 1764 sic
591 1710 687 1777 collige
707 1724 829 1766 mecum:

87 1784 178 1838 Dente
195 1785 282 1853 lupus,
301 1801 385 1838 cornu
403 1788 498 1839 taurus
516 1786 602 1855 petit:
620 1785 693 1838 unde
711 1786 763 1839 nisi
781 1786 854 1841 intus

87 1860 290 1914 Monstratuml
327 1859 445 1914 Scaevae
463 1862 583 1914 vivacem
601 1861 683 1914 crede
700 1863 796 1930 nepoti

86 1935 222 2000 Matrem
239 1935 277 1988 nil
294 1935 376 1989 faciet
394 1936 504 1990 sceleris
523 1937 569 2006 pia
587 1937 718 1992 dextere:
735 1938 844 2005 mirum,

86 2009 126 2065 Ut
134 2027 222 2079 neque
232 2011 304 2064 calce
311 2011 390 2079 lupus
400 2029 564 2081 quemquam
573 2029 661 2081 neque
669 2013 753 2066 dente
759 2014 832 2081 petit
840 2012 950 2081 bos355

86 2085 142 2139 Sed
158 2087 230 2141 mala
246 2087 326 2141 tollet
344 2104 425 2142 anum
443 2088 539 2142 vitiato
557 2088 638 2141 melle
657 2088 753 2142 cicuta

86 2161 112 2213 N
114 2178 129 2215 e
145 2161 258 2230 longum
275 2163 388 2218 faciam:
407 2180 455 2217 seu
472 2180 517 2216 me
534 2164 681 2232 tranquilla
699 2166 792 2217 senect
833 2189 835 2195 ·

86 2237 234 2305 Exspectat
252 2255 300 2290 seu
318 2238 393 2291 Mors
411 2239 478 2292 atris
496 2239 670 2292 circumvolat
688 2239 746 2306 alie,

85 2311 176 2378 Dirce,
194 2312 279 2378 inops,
299 2313 409 2382 Romae,
427 2331 476 2366 seu
493 2315 549 2367 fors
566 2315 607 2368 ita
620 2315 744 2383 jusserit,
763 2314 848 2383 exsul,

86 2387 214 2456 Quisquis
231 2387 284 2439 erit
301 2387 374 2440 vitae
392 2388 508 2442 scribam
526 2390 618 2443 color.”
649 2389 695 2442 “0
714 2406 791 2459 puer,
808 2393 840 2444 ut
857 2391 898 2446 sis
917 2409 945 2449 eo

85 2463 185 2517 Vitalis
203 2465 297 2516 metuo
315 2466 344 2516 et
361 2463 495 2531 majorum
512 2481 547 2518 no
565 2465 626 2534 quis
644 2466 747 2519 amicus

85 2538 198 2608 Frigore
215 2542 245 2593 te
262 2539 364 2592 feriat.”
395 2539 410 2566 “
419 2539 498 2608 Quid,
517 2557 578 2594 cum
597 2544 640 2594 est
658 2541 779 2594 Lucilius
797 2557 880 2596 ausus

84 2614 192 2669 Primus
209 2615 238 2668 in
256 2615 327 2668 hunc
344 2615 434 2682 operis
452 2631 614 2684 componere
632 2617 751 2670 carmina
768 2633 881 2684 morem,

83 2689 236 2744 Detrahere
253 2694 283 2744 et
299 2690 406 2759 pellem,
423 2691 527 2743 nitidus
546 2709 600 2760 qua
618 2692 733 2759 quisque
750 2708 800 2760 per
817 2708 865 2746 ora

83 2765 210 2834 (lederet,
227 2767 374 2820 introrsum
392 2766 487 2834 turpis,
507 2783 572 2820 num
591 2766 699 2820 Laelius
717 2771 765 2820 aut
782 2767 830 2836 qui
914 2784 942 2824 os

83 2840 170 2893 Duxit
188 2840 223 2893 ab
240 2858 370 2909 oppressa
387 2842 515 2895 meritum
536 2842 707 2910 Karthagine
723 2859 829 2911 nomen,

82 2913 198 2981 Ingenio
215 2917 309 2969 offensi
327 2920 375 2970 aut
392 2916 465 2970 laeso
483 2917 595 2970 doluere
614 2918 726 2972 Metello

82 2987 258 3054 Famosisque
277 2990 354 3055 Lupo
372 2995 499 3058 cooperto
517 2993 661 3046 versibusl
697 2993 786 3061 Atqui
854 3017 856 3022 ·

83 3059 219 3112 Primores
236 3062 328 3127 populi
346 3064 462 3130 arripuit
479 3067 663 3135 populumque
681 3068 816 3137 tributim,

82 3129 191 3182 Scilicet
208 3133 256 3182 uni
274 3149 376 3200 aequus
393 3137 490 3190 virtuti
508 3143 592 3206 atque
609 3140 670 3209 ejus
687 3141 789 3196 amicis.
911 3159 939 3202 'ro
