2008 3416
312 97 459 148 EPODON
475 98 592 160 LIBER,
612 103 636 154 6.
864 101 896 152 98

148 177 237 234 Maius
253 177 366 247 pambo,
382 177 470 232 maius
487 178 629 233 infundam
646 177 698 234 tibi

180 253 346 307 Fastidieuti
363 253 497 322 poculum,

146 327 281 398 Priusque
298 328 403 382 eaelum
421 329 494 382 sidet
510 327 624 383 inferius
640 329 717 399 meri,

179 403 289 458 Tellure
306 407 433 472 porrecte
450 420 539 472 super,
869 426 895 465 ω

147 477 234 545 Quem
250 494 306 531 non
324 493 417 532 amore
435 478 474 531 sie
490 494 552 532 meo
569 479 669 548 flagres
684 478 728 534 uti

178 553 309 608 Bitumen
327 552 395 606 atris
411 552 542 620 ignibus?

145 627 203 686 Sub
220 629 290 682 heee
308 643 379 696 puer
391 627 451 696 jem
467 644 523 682 uon
539 630 654 683 utente
671 627 799 688 mollibus

178 704 279 758 Lenire
296 703 387 758 verbis
403 703 508 771 impius,

145 777 200 835 Sed
217 779 318 833 dubins
334 777 408 832 unde
425 781 567 846 rumperet
583 778 720 835 silentium
872 799 897 840 et

177 854 256 908 Misit
274 853 421 921 Thyesteas
438 868 550 920 preces:

128 927 265 996 “Veneno
282 945 411 996 magnum
427 929 470 980 ies
486 926 625 996 nefasque,
643 944 697 982 uon
714 928 806 986 valent

178 1004 346 1058 Convertere
363 1003 508 1058 humanum
525 1003 628 1068 vieem;

145 1078 218 1134 Diris
235 1095 315 1146 egum
332 1095 380 1132 vos
389 1099 397 1144 ;
414 1078 477 1132 dire
493 1077 641 1133 detestatio

177 1154 261 1208 Nulla
278 1153 406 1223 expietur
423 1152 540 1208 victima„
873 1167 898 1208 to

147 1227 216 1294 Quin
233 1228 282 1282 ubi
299 1228 390 1296 perire
403 1227 499 1296 jussus
516 1227 690 1297 exspiravere

178 1304 336 1358 Nocturnus
352 1319 492 1360 oeemrem
510 1303 599 1358 ruror

146 1377 297 1449 Petemque
313 1379 405 1437 vultus
422 1379 521 1434 umbre
536 1378 626 1433 eurvis
642 1379 786 1451 unguibus,

178 1455 254 1521 Quae
271 1455 313 1508 vis
330 1453 445 1508 deorum
463 1457 507 1508 est
523 1454 651 1522 munium,

145 1529 181 1585 Et
196 1531 327 1600 inquietis
344 1529 468 1584 assidens
484 1529 651 1598 praecordiis
866 1546 891 1589 tr

177 1607 282 1660 Pavore
299 1621 407 1660 somnos
423 1605 553 1660 auferam.

145 1680 200 1736 Vos
217 1681 301 1736 turbe
317 1680 428 1738 vieetim
445 1679 508 1734 hine
525 1683 555 1734 et
571 1679 636 1734 hine
653 1679 726 1734 sexis
743 1683 842 1750 petens

178 1756 337 1812 contundet
353 1755 500 1810 obscoenas
517 1771 603 1820 enus;

145 1829 211 1886 Post
226 1831 364 1901 insepulta
380 1829 506 1884 membro
522 1829 652 1886 different
667 1828 725 1900 lupi
972 1851 978 1864 =

176 1907 214 1961 itt
231 1906 389 1975 Esquilinae
405 1905 502 1970 ulites;
857 1920 891 1961 roo

144 1979 240 2050 Neque
256 1981 308 2036 hoe
324 1983 454 2050 parentes
470 1979 526 2036 heu
542 1979 609 2034 mihi
626 1978 788 2048 superstites

177 2057 314 2126 Effugerit
331 2055 539 2124 spectaculum?

445 2199 498 2254 VI.

143 2282 216 2350 Qun>
233 2285 409 2338 immerentes
426 2281 548 2350 hospites
565 2294 647 2334 vexas
664 2279 738 2337 mnis

176 2361 296 2428 Ignavus
314 2358 459 2412 adversum
476 2357 572 2424 lupost

143 2433 213 2500 Quin
229 2435 283 2488 hue
299 2433 401 2500 inanes,
420 2433 443 2486 si
460 2436 546 2500 potes,
562 2430 647 2486 vertis
663 2431 752 2485 mines

175 2511 213 2564 ut
229 2525 275 2563 me
291 2524 476 2562 remorsurum
493 2507 585 2576 petisi

142 2585 213 2639 Nem
230 2583 318 2654 qualis
335 2586 384 2638 eut
401 2583 535 2638 Molossus
552 2584 601 2636 eut
617 2580 708 2636 fulvus
726 2578 823 2648 Lacon,
877 2597 892 2636 r

176 2660 274 2714 Amice
290 2659 332 2712 vis
348 2657 512 2727 pastoribus,
673 2677 676 2682 ·

25 2815 26 2820 ἵ
143 2735 231 2804 Agam
248 2751 299 2804 per
315 2734 385 2790 ultus
402 2751 468 2788 eure
486 2732 593 2788 subluto
609 2730 685 2786 nives
796 2773 798 2780 ,

174 2811 359 2880 Quaecunque
376 2808 524 2878 praecedet
541 2808 615 2861 fere:
679 2863 685 2871 ,

142 2883 181 2940 ru
197 2903 260 2940 eum
277 2885 402 2939 timende
418 2901 485 2939 voee
503 2879 645 2950 eomplesti
661 2893 759 2932 nemus
930 2925 932 2929 .

175 2961 335 3030 Projeotum
353 2960 476 3014 odoraris
494 2958 593 3014 eibum.
868 2966 891 3006 ro

142 3033 221 3104 (iere,
240 3051 321 3090 eave:
339 3051 458 3104 nemque
475 3035 505 3090 in
520 3032 606 3088 melos
622 3027 789 3107 asperrimus

173 3111 276 3166 Parate
293 3111 360 3166 tollo
377 3125 486 3176 ooruue,
648 3105 650 3110 ’
