2044 3416
99 85 144 132 168
371 79 524 130 HORATII
541 79 671 129 uuaccl

98 161 307 230 Designatorem
324 159 436 214 decorat
452 159 594 213 lictoribus
611 158 704 234 atris,¹

97 237 171 292 Dum
188 237 282 306 pneris
299 236 385 291 omnis
402 239 483 305 pater
499 239 529 289 et
548 231 697 288 matercula
706 233 804 305 'pallet

98 313 277 382 Officiosaque
296 311 427 365 sedulitas
445 314 474 364 et
492 308 581 378 opella
598 310 712 364 forensis

98 388 222 442 Adducit
239 387 331 441 febres
349 392 379 441 et
395 389 561 440 testamenta
577 385 706 453 resignat.

99 464 202 529 Quodsi
219 463 317 517 bruma
333 463 409 516 nives
428 461 543 515 Albanis
559 461 648 514 illinet
665 461 746 528 agris,
937 481 969 522 10

99 539 147 592 Ad
164 556 239 594 mare
258 538 407 592 descendet
424 541 501 591 vates
518 539 583 589 tuus
602 539 632 590 et
649 535 701 589 sibi
718 539 812 604 parcet

100 615 315 682 contractusque
333 614 422 681 leget,
438 616 474 679 te,
493 611 579 664 dulcis
597 611 689 677 amice,
708 612 809 666 reviset

100 691 169 744 Cum
187 690 324 759 Zephyris,
343 690 366 742 si
384 688 521 752 concedes,
540 691 569 740 et
586 687 731 740 hirundine
748 687 843 756 prima.

99 766 162 820 Non
180 782 234 834 quo
251 781 326 818 more
344 764 411 833 piris
429 764 502 817 vesci
521 762 636 816 Calaber
646 762 729 831 jubet
746 763 843 832 hospes

99 843 140 895 Tu
156 857 201 894 me
217 840 306 894 iecisti
324 839 494 907 locupletem.
531 837 670 891 “Vescere
689 838 790 891 sodes.''
841 849 846 855 '
934 856 964 896 15

100 917 183 970 “Jam
195 916 261 969 satis
273 915 338 968 est.¹'
363 916 422 968 “At
433 917 465 967 tu
477 917 609 982 quantum
619 913 660 966 vis
672 913 760 967 tolle.”
782 913 963 980 “Benigne.”

99 993 144 1046 “N
146 1009 180 1045 on
198 991 285 1044 invisa
302 991 375 1044 feres
392 989 485 1059 pueris
502 985 661 1042 munuscula
678 989 792 1058 parvis.''

100 1069 186 1122 “Tam
203 1071 299 1122 teneor
317 1066 397 1134 dono,
414 1082 496 1135 quam
514 1064 538 1116 si
556 1064 681 1118 dimittar
698 1065 833 1119 onustus.”

100 1144 160 1198 “Ut
177 1144 260 1209 libet;
278 1142 345 1196 hacc
362 1142 451 1210 porcis
468 1139 550 1193 hodie
568 1139 737 1193 comedenda
754 1141 916 1210 relinques’'

100 1219 235 1288 Prodigus
253 1222 283 1272 et
301 1219 402 1272 stultus
420 1216 504 1270 donat
523 1231 593 1282 quae
611 1215 717 1284 spernit
734 1220 763 1269 et
783 1217 855 1282 edit;
928 1235 960 1274 se

100 1296 177 1349 Haec
195 1311 273 1363 seges
290 1294 411 1362 ingratos
428 1292 540 1360 tulitet
557 1291 629 1344 ieret
646 1289 771 1344 omnibus
788 1293 873 1347 annis.

99 1371 151 1423 Vir
168 1370 254 1423 bonus
274 1373 304 1423 et
322 1369 431 1437 sapiens
448 1367 537 1434 dignis
555 1367 596 1420 ait
614 1382 679 1430 esse
690 1371 809 1435 paratus,

100 1445 126 1499 N
129 1462 159 1499 ec
176 1449 269 1499 tamen
287 1445 396 1512 ignorat
413 1443 480 1512 quid
498 1442 603 1495 distent
620 1457 684 1494 aera
701 1441 812 1511 lupinis:

100 1521 220 1589 Dignum
238 1519 383 1590 praestabo
401 1536 445 1572 me
463 1518 547 1572 ctiam
565 1534 615 1586 pro
633 1517 714 1571 laude
731 1517 868 1574 merentis

100 1596 204 1660 Quodsi
222 1613 266 1650 me
284 1595 359 1649 noles
377 1611 492 1663 usquam
511 1593 660 1660 discedere,
678 1592 779 1646 reddes
928 1610 960 1649 25

101 1673 185 1727 Ferte
201 1673 281 1740 latus,
298 1671 390 1739 nigros
408 1672 524 1738 angusta
540 1669 631 1722 fronte
648 1668 765 1736 capillos,
844 1679 849 1690 ¹

101 1747 212 1802 Reddes
231 1749 311 1801 dulce
329 1746 411 1816 loqui,
429 1745 531 1799 reddes
548 1744 639 1798 ridere
657 1744 792 1812 decorum,
809 1749 840 1800 et

102 1825 180 1877 Inter
198 1823 260 1876 vina
277 1823 371 1889 fugam
390 1821 506 1874 Cinarae
523 1835 646 1872 maerere
663 1822 815 1887 protervae.

101 1900 185 1953 Forte
201 1915 251 1967 per
270 1900 413 1965 angustam
430 1895 521 1950 tenuis
538 1895 679 1964 vulpecula
696 1895 793 1950 rimam

101 1975 238 2043 Repserat
254 1973 283 2027 in
300 1988 436 2026 cumeram
453 1971 591 2038 frumenti,
609 1975 742 2040 pastaque
762 1987 857 2025 rursus
927 1990 957 2030 so

102 2051 148 2104 Ire
165 2051 238 2104 foras
254 2049 335 2119 plcuo
352 2046 485 2103 tendebat
503 2063 614 2115 corpore
631 2045 748 2112 inretra3

101 2125 153 2180 eui
171 2125 288 2179 mustela
304 2124 405 2193 procul,
425 2122 477 2176 “Si
494 2121 558 2188 vis,”
577 2121 624 2188 ait,
643 2121 786 2190 “effugere
801 2121 891 2188 istinc,

101 2201 195 2254 Macra
212 2216 307 2254 cavum
325 2203 434 2267 repetes
451 2200 542 2251 artum
560 2212 641 2264 quem
659 2213 750 2250 macra
767 2196 888 2252 subisti.”

102 2276 163 2330 Hac
180 2291 231 2343 ego
249 2275 272 2328 si
289 2274 435 2342 compellor
452 2273 569 2340 imagine
587 2276 684 2326 cuncta
701 2273 822 2340 resigno;

101 2352 160 2405 Nec
178 2366 300 2404 somnum
317 2349 405 2418 plebis
422 2349 503 2402 laudo
522 2352 598 2402 satur
615 2348 738 2416 altilium,
757 2365 807 2402 nec
928 2368 956 2406 ³⁵

102 2427 166 2481 Otia
183 2425 286 2480 divitiis
304 2424 428 2479 Arabum
445 2423 585 2478 liberrima
602 2427 684 2477 muto.

102 2503 188 2572 Saepe
205 2499 388 2556 verecundum
405 2499 530 2565 laudasti,
548 2515 653 2567 rexque
670 2502 804 2568 paterque

102 2578 216 2634 Audisti
234 2593 331 2645 coram,
349 2592 399 2630 nce
417 2575 499 2629 verbo
517 2575 624 2644 parcius
642 2573 754 2630 absens:

102 2655 212 2724 Inspice
228 2654 251 2707 si
268 2669 378 2722 pessum
396 2652 498 2705 donata
516 2665 649 2718 reponere
667 2650 761 2706 laetus.

102 2731 187 2784 Haud
204 2730 274 2783 male
292 2728 474 2790 Telemachus,
492 2725 581 2794 proles
598 2727 729 2795 patientis
747 2725 852 2779 Ulixei:
928 2742 954 2781 ro

102 2806 187 2860 “Non
206 2809 249 2859 est
266 2808 346 2872 aptus
364 2804 442 2872 equis
461 2801 557 2855 lthace
575 2801 656 2868 locus,
675 2806 706 2855 ut
723 2817 813 2869 neque
829 2800 919 2870 planis

102 2879 248 2934 Porrectus
266 2879 360 2946 spatiis
377 2894 427 2930 nec
444 2877 546 2930 multae
563 2876 694 2946 prodigus
712 2877 828 2942 herhae;

103 2955 211 3026 Atride,
229 2953 316 3020 magis
332 2957 397 3019 apta
414 2952 466 3004 tibi
484 2956 533 3005 tua
551 2951 621 3004 dona
638 2951 812 3019 relinquan1.’'

103 3027 221 3079 Parrum
239 3041 323 3092 parva
341 3027 454 3089 decent;
472 3026 539 3078 mihi
553 3041 612 3091 Jam
630 3042 684 3078 non
703 3027 780 3093 regia
798 3026 891 3095 Roma,

12 3171 13 3178 ἵ
102 3092 159 3150 Sed
176 3113 288 3151 vacuum
306 3098 391 3151 Tibur
407 3099 498 3166 placet
515 3103 563 3152 aut
580 3099 691 3154 imbelle
710 3101 865 3160 Tarentum.
926 3121 953 3162 le
