2008 3416
330 95 546 146 SATIRARUM
562 95 584 144 I.
603 96 625 144 5.
856 101 902 151 119

8 173 10 258 l
52 173 138 244 Oqui
157 175 365 244 complexuset
381 175 481 243 gaudia
498 177 601 244 quanta
617 174 744 231 fuerunt!

50 249 93 302 Nil
111 267 166 318 ego
185 250 349 304 contulerim
362 250 486 318 jucundo
504 267 585 304 sanus
603 251 697 303 amico

50 323 179 378 Proxima
197 325 337 394 Campano
355 327 432 395 ponti
450 342 520 394 quae
537 325 636 392 villula,
654 329 758 380 tectum
877 337 900 376 es

8 435 10 492 ἱ
50 399 190 468 Praebuit,
210 404 240 455 et
256 401 367 470 parochi
384 418 454 470 quae
471 401 574 456 debent
591 400 665 469 ligna
683 401 828 472 salemque.

8 497 9 544 i
50 475 122 530 Hine
139 476 210 530 muli
228 477 338 546 Gapuae
356 477 471 532 clitellas
488 482 612 546 tempore
629 481 743 545 ponunt.
769 535 771 538 ,

51 550 154 606 Lusum
171 551 196 606 it
214 552 366 620 Maecenas,
385 552 533 607 dormitum
550 569 601 620 ego
619 552 819 621 virgiliusque,

8 667 10 684 i
49 625 178 696 Namque
195 628 251 696 pila
267 628 349 698 lippis
366 629 503 684 inimicum
520 633 550 683 et
566 629 663 682 ludere
681 629 780 684 crudis.

50 701 122 756 Hine
140 719 192 756 nos
211 703 317 757 Cocceii
334 705 432 774 recipit
448 701 604 773 plenissima
621 704 684 758 villa
880 723 902 762 se

8 787 9 790 ’
50 777 126 842 Quae
146 783 292 848 superest
310 780 398 836 (laudi
416 797 558 850 cauponas.
593 780 673 834 Nunc
691 780 758 834 milri
774 783 867 852 paucis

50 853 190 908 Sarmenti
209 871 318 910 scurrae
335 872 452 924 pugnam
472 856 612 925 Messique
630 856 754 925 Cicirrhi

50 929 139 998 Musa,
158 930 242 984 velim
259 948 401 1000 memores,
419 936 448 986 et
465 949 519 1000 quo
536 935 616 1001 patre
633 935 714 985 natus
731 936 849 1002 uterque

8 1063 9 1066 ,
51 1005 209 1060 Contulerit
224 1007 295 1062 lites.
329 1007 414 1062 Messi
431 1008 532 1061 clarum
549 1024 634 1075 genus
653 1007 731 1073 Osci;

51 1081 190 1136 Sarmenti
209 1081 318 1136 domina
335 1086 440 1138 exstat:
456 1083 492 1136 ab
509 1083 551 1136 his
568 1083 716 1151 majoribus
733 1083 787 1138 orti
881 1105 900 1138 c

51 1157 96 1211 Ad
114 1173 238 1226 pugnam
255 1164 360 1212 venere.
395 1158 665 1212 Prior‘Sarmentus:
684 1159 775 1228 “Equi
791 1163 821 1214 te

8 1269 9 1300 ,
50 1231 118 1286 Esse
137 1233 192 1286 feri
209 1233 323 1287 similem
341 1233 423 1287 dico.’'
458 1233 590 1287 Ridemus
607 1238 636 1288 ct
653 1233 711 1302 ipse

8 1301 9 1318 *
51 1308 173 1363 Messius
191 1309 350 1379 “Accipio,''
368 1312 449 1378 eaput
465 1313 495 1364 et
511 1313 609 1363 movet.
644 1309 700 1377 “0,
718 1313 766 1364 tua
782 1325 866 1366 cornu

51 1384 87 1438 Ni
104 1385 181 1448 soret
198 1389 307 1439 exsecto
325 1385 419 1452 frens‚'’
436 1384 532 1454 inquit,
550 1384 638 1454 “quid
653 1385 763 1453 faceres,
781 1403 843 1442 curn

51 1459 95 1514 Sic
111 1460 228 1514 mutilus
245 1461 411 1514 miniterisP’
447 1461 488 1514 At
505 1461 545 1514 illi
562 1460 643 1514 foeda
661 1461 770 1516 cicatrix
880 1479 901 1517 eo

52 1535 178 1590 Setosam
195 1537 265 1590 laevi
281 1536 398 1590 frontem
414 1539 574 1624 turpaverat
590 1537 652 1591 oris.

53 1611 247 1681 Campanum
239 1627 268 1665 ru
285 1611 441 1680 morbum,'
433 1629 462 1665 in
479 1611 576 1666 faciem
593 1612 729 1681 permulta
741 1611 857 1700 jocatus,

53 1687 200 1743 Pastorem
217 1687 269 1742 salt
257 1691 331 1742 taret
347 1689 389 1742 uti
407 1688 525 1757 Cyclopa
541 1687 671 1755 rogabat:

53 1763 98 1817 Nil
116 1763 159 1817 illi
176 1763 251 1817 larva
268 1767 316 1818 aut
334 1763 445 1831 tragicis
463 1779 532 1832 opus
549 1780 609 1817 esse
627 1767 671 1818 cot
659 1763 771 1819 thurnis.
788 1799 791 1808 ·

53 1839 143 1893 Multa
161 1839 300 1893 Oicirrhus
317 1840 353 1894 ed
370 1839 453 1895 haec:
472 1839 607 1894 Donasset
620 1839 714 1908 jamne
732 1843 855 1910 catenam
875 1857 899 1897 es

55 1915 94 1968 llx
112 1918 177 1969 voto
196 1914 318 1983 Laribus,
336 1915 500 1984 quaerebat3
518 1915 607 1968 scriba
624 1916 698 1983 quod
718 1922 798 1986 esset,

54 1989 147 2044 Nihilo
164 1989 287 2044 deterius
304 1991 429 2045 dominae
443 1990 491 2058 jus
507 2007 574 2045 esse.
609 1989 734 2057 Regabat

55 2065 180 2135 Denique
197 2082 246 2120 cur
261 2083 381 2135 unquam
397 2067 520 2135 fugisset,
537 2067 581 2120 cui
599 2065 665 2120 satis
682 2081 736 2118 una

55 2140 146 2196 Farris
163 2141 233 2195 libra
249 2141 321 2197 foret
340 2141 434 2210 gracili
451 2142 490 2196 sic
506 2146 617 2210 tamque
635 2139 739 2209 pusille.

55 2216 170 2271 Prorsus
184 2217 306 2285 jucunde
323 2233 434 2271 coenam
451 2217 629 2286 produximus
646 2216 728 2271 illam.
870 2230 893 2270 ro

54 2293 202 2347 Tendimus
219 2293 282 2348 hinc
299 2297 376 2348 recta
394 2293 590 2360 Beneventum,
608 2291 656 2346 ubi
674 2293 784 2347 sedulus
801 2293 899 2363 hospes

55 2369 144 2424 Paene
159 2385 264 2423 macros
281 2370 349 2423 arsit
366 2369 431 2422 dum
449 2368 545 2422 turdos
562 2369 699 2422 versatio
716 2369 789 2438 igni3

54 2444 125 2499 Nam
141 2461 211 2512 sagra
227 2461 276 2514 per
293 2448 416 2499 veterem
433 2443 537 2513 dilapso
554 2444 663 2498 flamina
678 2445 795 2498 culinam

54 2520 177 2574 Vulcano
193 2537 327 2574 siunmum
344 2520 509 2590 properabat
525 2519 647 2574 lambere
664 2524 773 2574 tectum.

54 2597 185 2650 Convivas
202 2596 296 2651 avidos
312 2612 422 2650 coenam
440 2611 585 2664 servosque
602 2596 733 2650 timentes
876 2607 899 2648 rs

54 2672 121 2726 Puni
138 2688 244 2744 rapere,
260 2675 345 2742 atque
361 2688 453 2726 ornnes
470 2673 641 2738 restinguere
658 2668 727 2723 velle
743 2667 857 2723 rideres.

54 2748 154 2818 Incipit
172 2764 207 2802 ex
223 2747 271 2802 illo
287 2751 394 2802 mentes
412 2749 514 2817 Apulia
531 2751 610 2800 notos

53 2824 199 2878 Ostentare
216 2823 291 2892 mihi,
310 2840 378 2893 quos
395 2828 483 2878 torret
504 2822 638 2878 Atabulus
656 2823 685 2874 et
703 2834 770 2888 quos

52 2900 200 2970 Nunquam
218 2903 375 2969 erepsemus
391 2901 444 2953 nisi
461 2915 510 2954 nos
527 2899 615 2952 vicina
631 2895 728 2949 Trivici

52 2974 125 3030 Villa
141 2976 297 3045 recepisset,
315 2975 454 3029 lacrimoso
471 2992 526 3028 non
544 2975 600 3028 sine
617 2973 699 3040 fumo,
881 2976 903 3014 80

52 3051 130 3106 Udos
147 3068 208 3106 cum
226 3052 298 3105 foliis
315 3067 404 3105 ramos
420 3056 517 3104 urente
534 3051 646 3104 camina

53 3127 108 3182 Hic
125 3143 176 3196 ego
193 3127 353 3181 mendaeem
371 3127 546 3181 stultissimus
562 3141 650 3194 usque
667 3123 786 3193 puellam
827 3183 829 3188 ,
