2008 3416
92 87 138 135 150
364 77 516 127 HORATII
532 75 664 125 FLACGI

92 163 139 218 nd
156 161 259 216 caelum
276 157 401 212 menibus
419 157 533 211 sublatis
550 156 660 222 dixerit,
678 171 753 222 urge,
860 147 867 162 '

92 239 267 293 Crescentem
284 233 399 288 tumidis
416 232 481 286 infla
498 229 666 285 sermonibus
683 233 780 294 utrem.

92 315 162 377 (lum
178 317 208 366 tc
226 310 337 364 servitio
354 309 435 378 longo
451 325 570 376 curaque
586 307 692 374 levarit,

92 389 129 442 nt
146 390 251 442 certum
268 385 390 453 vigilans,
409 384 545 448 Quinum
562 397 604 436 srr
621 396 718 434 eanrrs
736 381 854 450 ems,
924 397 972 440 roo
998 439 999 442 ,

92 463 229 531 Audieris,
247 477 352 516 finnus:
370 460 458 527 ‘Ergo
475 474 547 512 nunc
565 457 654 510 Dama
672 456 771 509 sodalis

92 539 235 608 Nusquam
247 539 308 591 cstl
331 536 414 590 Unde
425 535 491 588 mihi
502 537 561 587 tam
571 533 671 586 sortem
682 535 794 599 tamque
803 531 934 587 fidelem
945 536 969 590 'l'

93 615 196 684 Sparge
214 613 337 679 subinde,
356 613 392 680 et,
410 613 433 664 si
449 609 561 678 paulum
578 611 664 676 potes,
682 607 860 662 illacrimans:
881 613 941 664 est

93 691 199 744 Gaudia
216 687 378 756 prodentem
395 686 501 740 vultum
518 684 614 738 celare.
651 683 811 752 Sepulcrum

93 765 260 818 Permissum
278 761 390 815 arbitrio
408 762 467 815 sine
485 759 610 814 sordibus
628 763 756 824 exstrue;
773 759 857 812 funus
923 775 968 816 105

93 839 210 908 Egregie
226 838 329 890 factum
346 835 441 890 laudet
457 835 563 890 11011111.
599 835 628 889 si
647 835 708 904 quis
763 844 765 848 '

93 916 177 969 Forte
195 912 359 968 coheredum
378 911 468 964 senior
485 911 555 964 male
573 911 679 978 tussiat,
697 909 761 964 huic
778 913 809 964 tu

93 989 152 1057 Dic,
170 1006 205 1044 ex
222 991 301 1057 parte
317 991 367 1040 tua
384 1003 433 1040 seu
449 985 536 1049 fundi,
547 986 603 1038 sive
621 986 718 1038 domus
736 985 773 1038 sit

92 1065 215 1134 Emptor,
231 1063 396 1132 gaudentem
413 1077 525 1114 nunnno
542 1065 572 1113 te
590 1060 725 1114 addicere.
761 1059 817 1114 Sed
833 1079 882 1116 me
919 1063 930 1076 ‘

94 1141 245 1211 Imperiosa
262 1137 349 1193 trahit
367 1136 543 1206 Proserpina;
560 1135 621 1190 1111
639 1135 774 1204 11111111.η
922 1154 965 1194 110

491 1279 543 1334 VI.

93 1363 156 1416 Hoc
173 1366 233 1418 crat
249 1363 278 1416 in
295 1362 380 1417 votis:
397 1362 494 1415 modus
512 1360 571 1428 agri
588 1361 700 1416 nonita
716 1378 838 1432 magnus,

93 1435 200 1491 Hortus
217 1438 265 1492 ubi
283 1441 313 1490 ct
330 1440 404 1491 tecto
422 1437 525 1489 vicinus
538 1436 614 1503 jugis
632 1453 718 1504 aquae
736 1439 796 1492 lons

93 1513 131 1566 Et
146 1513 256 1581 paulum
274 1512 358 1566 silvae
375 1528 457 1580 super
474 1511 516 1564 his
533 1511 612 1565 foret.
648 1513 765 1566 Auctius
783 1517 868 1582 atque

92 1585 130 1640 Di
147 1589 243 1642 melius
259 1587 356 1642 fecere.
392 1587 468 1640 Bene
487 1589 535 1640 est.
571 1587 597 1640 N
599 1587 619 1640 il
636 1587 752 1654 amplius
768 1604 823 1654 oro,

92 1663 167 1717 Maia
182 1668 255 1731 nate,
272 1663 325 1716 nisi
342 1665 375 1716 ut
391 1663 502 1731 propria
518 1661 586 1716 haec
603 1663 670 1715 mihi
689 1679 804 1717 munera
819 1661 899 1718 faxis.
944 1685 961 1724 5

93 1739 124 1792 Si
140 1755 230 1806 neque
247 1737 379 1804 majorem
397 1738 449 1790 leci
466 1737 572 1791 ratione
589 1737 661 1790 mala
678 1755 737 1792 rem

92 1813 120 1866 N
121 1829 152 1866 ec
169 1829 228 1866 sum
245 1813 366 1865 facturus
383 1813 450 1866 vitio
468 1813 580 1880 culpave
597 1813 744 1878 minorem
768 1842 773 1852 ·

93 1887 124 1942 si
140 1903 255 1942 veneror
273 1887 373 1940 stultus
390 1887 459 1941 nihil
476 1887 586 1942 horum:
606 1887 644 1940 ‘0
659 1889 686 1941 si
703 1889 818 1958 angulus
834 1889 884 1945 ille
933 1901 939 1910 ’

93 1963 237 2016 Proximus
255 1962 368 2016 accedat
385 1963 433 2030 qui
451 1979 523 2016 nunc
542 1963 685 2017 denormat
703 1965 838 2031 agellum!

93 2037 117 2090 Ο
136 2039 159 2091 11
176 2055 272 2092 urnam
289 2038 397 2106 argenti
413 2038 470 2092 fors
487 2055 558 2106 quae
575 2039 642 2092 milri
659 2041 801 2109 monstret,
812 2042 845 2093 ut
861 2039 903 2094 illi
927 2058 955 2100 10

92 2113 229 2168 Thesauro
246 2115 356 2168 invento
374 2115 421 2182 qui
439 2113 623 2168 mercenarius
640 2131 736 2183 agrum

92 2187 175 2240 Illum
192 2189 280 2258 ipsum
297 2193 434 2242 mercatus
451 2189 545 2257 aravit,
564 2189 641 2243 dives
658 2191 745 2244 amico

92 2262 212 2316 Hercule
223 2264 237 2317 l'
250 2265 273 2316 si
285 2263 359 2332 quod
370 2264 450 2318 adest
461 2269 570 2332 gratum
579 2265 668 2334 juvat,
680 2267 731 2320 hac
742 2283 824 2334 prece
837 2269 868 2320 11
880 2283 951 2326 oro:

92 2337 197 2406 Pingue
214 2355 296 2408 pecus
314 2339 423 2393 domino
440 2339 523 2393 facias
540 2343 569 2393 et
586 2343 677 2394 cetera
693 2345 806 2410 praeter

91 2413 242 2483 Ingenium,
254 2417 341 2482 utque
359 2414 429 2467 soles
446 2418 538 2468 custos
555 2415 621 2468 mihi
638 2417 775 2489 maximus
788 2416 870 2470 adsis.
921 2433 950 2474 15

90 2487 163 2557 Ergo
180 2489 229 2543 ubi
246 2506 290 2543 me
307 2489 336 2542 in
353 2493 459 2544 montes
476 2493 506 2544 11
522 2489 551 2542 in
568 2505 657 2544 arcem
675 2507 710 2545 ex
727 2491 798 2545 urbe
816 2493 932 2562 removi,

90 2564 163 2628 Quid
180 2565 255 2633 prius
272 2565 407 2618 illustrem
425 2564 516 2619 satiris
534 2581 665 2634 musaque
682 2566 821 2634 pedestril

88 2638 149 2694 Nec
165 2641 237 2693 mala
253 2657 298 2694 me
314 2639 428 2696 ambitio
445 2640 539 2709 perdit
555 2656 607 2694 nec
623 2640 767 2709 plumbeus
785 2642 892 2696 Auster

88 2716 317 2783 Auctumnusquc
332 2715 430 2782 gravis,
449 2715 586 2772 Libitinae
604 2719 735 2785 quaestus
752 2717 880 2772 acerbae..
998 2775 999 2782 ,

87 2789 224 2846 Matutine
241 2795 328 2860 pater,
346 2807 395 2844 seu
412 2791 484 2844 Jane
501 2790 632 2844 libentius
649 2791 736 2859 audis,
829 2812 830 2816 ¹
887 2795 945 2867 ᾖε)
998 2791 999 2794 ’

85 2865 170 2918 Unde
186 2866 310 2919 homines
328 2882 440 2933 operum
456 2865 560 2934 primos
576 2866 705 2935 citaeque
721 2867 829 2922 labores

86 2939 249 3005 Instituunt,
268 2940 306 2992 sic
324 2940 366 2992 dis
383 2940 519 3008 placitum,
537 2944 570 2994 tu
587 2943 714 2994 carminis
732 2945 792 2996 esto

85 3011 261 3078 Principium.
298 3013 401 3066 Romae
418 3031 574 3081 sponsorem
592 3031 636 3068 me
658 3017 738 3085 repis.
773 3016 834 3086 Ilia,

84 3083 111 3136 N
112 3101 128 3135 c
146 3086 221 3150 prior
240 3087 325 3138 officio
343 3087 486 3153 qrdsquam
503 3089 677 3156 respondeat,
694 3106 771 3164 urge.
