2036 3416
107 151 139 202 28
383 153 535 202 HORATII
552 151 682 204 FLACOI

281 236 327 288 Ab
344 233 477 288 insolenti.
489 236 668 301 temperatam

314 310 439 376 Laetitia,
457 309 588 362 moriture
606 309 685 377 Delli,

246 385 301 440 Seu
318 389 438 440 maestus
456 385 529 437 omni
546 389 669 452 tempore
686 385 794 452 vixeris,
946 404 959 444 s

246 461 300 517 Seu
317 465 349 515 te
365 463 393 514 in
411 464 515 514 remoto
532 461 654 528 gramine
671 477 721 526 per
739 461 798 514 dies

279 537 376 591 Festos
393 536 553 590 reclinatum
570 535 660 588 bearis

313 613 449 666 Interiora
466 615 530 666 nota
548 611 663 666 Falerni.

246 687 305 752 Quo
323 689 403 756 pinus
421 688 515 755 ingens
534 687 649 756 albaque
667 687 782 756 populus

244 762 377 817 Umbram
394 763 554 830 hospitalem
572 763 724 816 consociare
742 765 835 835 amant
936 780 958 821 ro

279 838 392 892 Ramisi
429 837 502 902 Quid
519 839 627 907 obliquo
645 837 751 892 laborat

313 913 435 982 Lympha
451 914 534 982 fugax
552 913 691 982 trepidare
708 914 785 967 rivol

245 989 308 1043 Huo
325 989 386 1042 vina
403 994 432 1043 et
451 993 586 1058 unguenta
604 993 633 1043 et
649 989 762 1042 nimium
780 988 878 1043 breves

244 1065 338 1120 Florus
356 1082 483 1118 amoenae
501 1066 573 1119 ferre
587 1065 656 1132 jube
673 1081 758 1134 rosae,

277 1142 350 1196 Dum
367 1159 411 1196 res
429 1145 458 1196 et
475 1144 550 1194 aetas
568 1144 596 1194 et
613 1157 734 1194 sororum
935 1158 957 1198 1⁵
1007 1167 1008 1218 p

311 1217 370 1271 Fila
388 1218 470 1271 trium
489 1217 630 1286 patiuntur
647 1219 715 1272 atra.
732 1267 734 1274 ,
1007 1229 1008 1232 ’

243 1292 331 1347 (ledes
348 1293 478 1361 coimptis
497 1293 609 1346 saltibus
627 1295 656 1345 ot
674 1291 753 1345 domo

242 1369 368 1437 Villaque
386 1369 470 1422 flavus
489 1385 569 1436 quam
588 1367 693 1420 Tiberis
710 1367 783 1434 lavit,

277 1444 365 1498 Codes
383 1449 411 1498 et
429 1443 574 1497 exstructis
592 1443 621 1495 in
638 1443 724 1496 altum

309 1519 419 1573 Divitiis
436 1518 555 1586 potietur
572 1517 660 1572 heres,
760 1545 763 1548 ·

241 1593 360 1648 Divesne
378 1594 466 1662 priseo
483 1597 564 1647 natus
581 1593 616 1646 ab
636 1594 737 1647 Inacho

240 1669 287 1723 Nil
304 1670 418 1724 interest
436 1687 470 1723 an
487 1685 590 1738 pauper
608 1672 637 1722 et
654 1669 747 1722 infima

274 1745 317 1798 De
335 1751 416 1813 gente
435 1746 484 1798 sub
503 1745 565 1798 divo
583 1746 703 1812 moreris,

309 1821 429 1874 Victima
445 1821 483 1872 nil
501 1821 654 1874 irriserantis
672 1820 743 1875 Oroi.

241 1895 343 1949 Omnes
361 1895 456 1948 eodem
475 1896 602 1962 cogimur,
621 1896 740 1950 omnium
776 1931 778 1936 -
927 1913 953 1955 25

241 1972 375 2025 Versatur
391 1987 460 2024 urna
477 1971 563 2025 serius
580 1971 653 2024 ocius

274 2046 338 2101 Sors
356 2047 463 2100 exitura
480 2052 509 2100 et
526 2063 575 2100 nos
592 2047 620 2099 in
638 2051 778 2101 aeteruum

308 2122 426 2176 Exilium
444 2123 605 2192 impositura
622 2123 742 2177 cumbae.

498 2263 549 2316 IV.

206 2339 208 2342 ’
238 2345 265 2398 N
267 2363 284 2398 n
302 2346 338 2399 sit
355 2345 466 2399 ancillae
484 2345 536 2399 tibi
554 2362 629 2398 amor
646 2346 751 2414 pudori,

210 2447 213 2452 ·
237 2420 357 2474 Xanthia
377 2421 500 2474 Phoceu!
539 2421 618 2474 Prius
635 2421 794 2476 insolentem

237 2495 321 2550 Serva
339 2495 441 2548 Briseis
458 2497 537 2550 niveo
555 2496 643 2550 colore

271 2569 358 2624 Movit
378 2571 527 2635 Achillem;

236 2645 324 2699 Movit
342 2645 456 2713 Ajacem
475 2646 619 2700 Telamone
636 2651 731 2702 natum

236 2721 336 2774 Forma
353 2721 475 2788 captivae
493 2721 632 2776 dominum
651 2723 823 2788 Tecmessam

235 2797 315 2850 Arsit
327 2796 446 2851 -Atvides
463 2797 554 2851 medio
571 2798 600 2850 iu
616 2799 755 2867 triumpho

270 2873 384 2940 Virgine
401 2876 488 2942 rapta,

235 2945 373 3002 Barbarae
390 2953 535 3018 postquam
553 2949 675 3004 cecidere
692 2913 799 3002 turmae

235 3021 363 3074 Thessalo
380 3025 482 3076 victore
501 3027 530 3076 et
548 3024 692 3091 ademptus
711 3025 817 3078 Hector

235 3094 362 3148 Tradidit
378 3097 457 3149 fessis
473 3098 575 3150 leviora
591 3098 650 3150 tolli

271 3167 404 3237 Pergama
421 3170 506 3224 Grais.
