2036 3416
246 379 286 461 Q.
326 381 580 448 HORATII
618 378 830 448 FLACCI

383 529 699 598 CARMINUM

385 661 388 668 Ι
447 709 577 766 LIBER
598 709 622 768 I.

524 877 547 932 I.

211 981 370 1037 Manenuas
388 979 476 1034 atavis
492 980 567 1035 edite
585 979 696 1049 regibus

212 1057 237 1111 0
256 1061 286 1112 et
303 1056 471 1126 praesidium
488 1060 518 1110 et
535 1056 614 1111 dulce
631 1056 714 1111 decus
731 1073 830 1125 meum,

211 1133 282 1187 Sunt
300 1148 368 1200 quos
385 1131 519 1186 curriculo
536 1131 676 1200 pulverem
695 1132 865 1201 Olympicum

211 1208 361 1276 collegisse
374 1207 463 1276 juvat,
481 1210 611 1275 metaque
628 1207 741 1261 fervidis

210 1283 324 1338 Evitata
340 1283 416 1350 rotis,
433 1282 577 1352 palmaque
594 1280 700 1336 nobilis.
950 1295 963 1338 r

212 1358 361 1412 Terrarum
378 1357 501 1412 dominos
519 1357 610 1412 evehit
628 1358 664 1412 ad
682 1357 763 1426 Deos,

211 1433 294 1488 Hunc
312 1433 335 1488 si
352 1433 492 1488 mobilium
509 1433 593 1488 turba
611 1432 758 1498 Quiritium

211 1509 309 1564 (lertat
326 1509 484 1578 tergeminis
502 1509 598 1563 tollere
616 1508 778 1575 honoribus;

212 1584 295 1638 Illum
313 1585 336 1638 si
353 1583 463 1654 proprio
481 1584 604 1638 condidit
621 1583 719 1637 lrorreo

212 1659 353 1728 Quidquid
371 1659 406 1714 de
424 1659 532 1729 Libyeis
550 1659 669 1714 verritur
685 1658 763 1714 areis.
939 1677 960 1718 ιο

211 1735 384 1790 Gaudentem
401 1736 506 1805 patrios
524 1734 628 1788 findere
646 1733 752 1788 sarculo

211 1811 302 1878 Agros
320 1809 450 1864 Attalicis
467 1809 668 1864 conditionibus

211 1885 360 1955 Nunquam
378 1885 523 1954 dimoveas,
540 1889 573 1940 ut
590 1884 669 1940 trabe
688 1885 788 1956 Cypria

210 1959 351 2030 Myrtoum
369 1961 484 2030 pavidus
500 1964 585 2016 nauta
602 1963 677 2015 secet
693 1977 775 2015 mare.

210 2037 373 2091 Luctantem
391 2037 486 2102 Icariis
503 2036 631 2091 fluctibus
650 2035 773 2090 Africum
938 2051 960 2091 ιε

210 2112 350 2166 Mercator
366 2115 491 2166 metuens
508 2112 594 2166 otium
612 2114 642 2165 et
659 2109 752 2179 oppidi

210 2186 319 2243 Laudat
336 2203 401 2240 rura
418 2186 475 2253 sui;
493 2202 556 2240 mox
574 2186 662 2240 reficit
679 2189 753 2240 rates

211 2263 330 2326 Quassus
347 2261 470 2316 indocilis
487 2261 645 2332 pauperiem
662 2261 728 2330 pati.

208 2337 260 2392 Est
278 2337 325 2406 qui
342 2353 392 2391 noo
409 2337 510 2392 veteris
527 2336 623 2405 poeula
641 2336 750 2390 Massici

208 2413 236 2468 N
238 2430 269 2468 ec
286 2415 393 2482 partem
411 2413 497 2466 solido
515 2413 625 2466 demere
643 2412 678 2466 de
695 2413 742 2468 die
934 2429 958 2468 ao

207 2489 327 2558 Spernit,
343 2505 415 2544 nunc
432 2488 513 2543 viridi
530 2488 654 2543 membra
671 2488 722 2543 sub
741 2489 839 2544 arbuto

207 2564 326 2632 Stratus,
344 2581 415 2618 nune
432 2565 468 2618 ad
486 2580 573 2634 aquae
590 2565 651 2618 lene
668 2568 750 2634 eaput
768 2579 866 2624 sacrae.

206 2639 312 2694 Multos
330 2643 421 2709 cestra
432 2639 534 2705 juvant
551 2643 580 2694 et
596 2640 665 2694 lituo
682 2640 766 2695 tubae

207 2713 366 2770 Permixtus
383 2715 486 2768 sonitus
504 2715 629 2784 bellaque
646 2715 780 2770 matribus

206 2789 360 2846 Detestata
396 2791 492 2846 Manet
509 2790 560 2846 sub
578 2791 648 2846 Jove
665 2791 766 2859 frigido
934 2805 958 2845 as

205 2863 330 2921 Venator
346 2869 460 2922 tenerae
477 2867 600 2936 conjugis
617 2867 766 2936 immemor,

205 2939 262 2995 Seu
278 2940 338 2996 visa
355 2947 399 2997 est
415 2942 513 2996 catulis
531 2957 611 2996 cerva
628 2941 763 3010 fidelibus,

204 3015 261 3071 Seu
277 3018 354 3086 rupit
371 3020 476 3072 teretes
494 3018 603 3072 Marsus
621 3031 688 3084 aper
704 3017 807 3086 plagas.

204 3091 253 3146 Me
271 3092 415 3148 doctarum
432 3091 552 3146 hederae
569 3089 692 3160 praemia
710 3092 842 3146 frontium

204 3164 255 3221 Dis
272 3167 389 3222 miscent
406 3167 529 3230 ruperim
547 3181 592 3218 me
609 3165 730 3232 gelidum
747 3181 845 3218 nemus
934 3180 957 3216 so
988 3203 991 3208 .
