2008 3416
322 116 538 167 aamercort
553 115 577 165 1
594 117 620 166 2.
849 113 894 164 107

1 140 2 256 l
42 201 183 266 labescat,
203 213 297 266 nequo
315 212 345 250 ee
361 194 459 263 majori
475 194 666 263 pauperiorum

1 264 2 314 l
42 271 149 329 'liobae
169 275 319 341 comparet,
338 269 410 322 hunc
427 273 510 337 atque
529 269 600 322 hunc
618 283 747 336 superare
764 265 877 320 laboret.

41 352 84 404 Sic
101 346 250 403 festinanti
269 362 378 414 semper
394 343 552 412 locupletior
569 342 668 409 obstat,

1 463 2 490 ι
41 425 88 493 Ut,
106 441 195 493 quum
214 417 370 475 carceribus
387 419 482 474 missos
500 419 573 488 rapit
589 383 692 486 ungula
708 431 810 479 curros,

1 505 2 512 ’
1 501 134 554 Instat
154 497 236 565 equis
254 495 349 563 auriga
366 510 429 548 suos
445 493 622 563 vincentibus,
639 493 716 546 illum
860 503 894 544 ιιι

1 569 235 627 Praeteritum
252 574 378 624 temnens
396 573 532 624 extremos
549 569 621 622 inter
638 569 756 622 cuntem.

43 649 114 702 Inde
132 649 169 701 fit
184 651 218 700 ut
236 662 297 698 raro
315 645 362 713 qui
380 661 410 698 se
427 643 525 699 vixisse
542 643 653 698 beatum

1 709 2 782 l
42 723 132 790 Dicat,
153 725 185 774 et
202 724 299 774 exacto
317 722 461 773 contentus
477 725 601 788 tempore
618 719 675 772 vita

1 785 135 858 Cedat
153 796 198 849 uti
217 795 329 848 conviva
346 797 429 860 satur,
447 795 567 862 reperire
584 807 722 879 queamus.

1 873 109 924 Jam
127 871 198 924 satis
215 870 266 923 est.
301 869 328 922 N
330 885 345 922 e
363 885 407 922 me
425 868 540 936 Crispini
558 867 656 921 scrinia
672 865 738 933 lippi
861 879 894 917 rao

45 945 217 1016 Compilasse
234 946 323 1011 putes,
341 942 454 998 verbum
471 959 524 996 non
541 941 656 1010 amplius
673 939 780 993 addam.

45 1169 271 1222 Annnnnmnuu
288 1164 407 1234 collegia,
424 1163 654 1234 pharmacopolae,

45 1241 179 1309 Mendici,
197 1239 303 1309 mimae,
321 1241 482 1306 balatrones,
499 1241 550 1294 lroc
566 1256 652 1308 genus
669 1253 749 1294 omne

45 1318 189 1371 Maestum
207 1333 240 1370 ac
256 1316 400 1370 sollicitum
417 1321 460 1370 est
476 1317 594 1370 cantoris
611 1318 699 1368 morte
717 1313 820 1381 Tigelli.

47 1393 159 1461 Quippe
177 1391 310 1458 benignus
327 1395 394 1446 erat.
430 1392 531 1446 Contra
548 1391 599 1455 hic,
617 1406 653 1444 ne
669 1389 800 1458 prodigus
817 1403 877 1442 esso

1 1475 2 1478 ’
46 1465 170 1521 Dicatur
186 1469 317 1533 metuens,
334 1463 407 1535 inopi
424 1467 491 1520 dare
508 1465 577 1519 nolit
594 1464 679 1518 amico
882 1476 895 1517 ι

47 1541 151 1610 Frigus
169 1557 224 1609 quo
241 1541 390 1609 duramque
407 1542 507 1596 famem
523 1540 674 1609 propellere
691 1538 784 1608 possit

1 1623 2 1626 ’
47 1617 133 1670 Hunc
151 1615 176 1668 si
192 1615 360 1683 perconteris
377 1617 420 1670 avi
438 1633 486 1670 cur
503 1620 587 1684 atque
603 1615 724 1683 parentis

48 1691 225 1744 Praeclaram
241 1690 348 1758 ingrata
365 1693 482 1759 stringat
499 1691 586 1744 malus
602 1689 720 1758 ingluvie
737 1703 804 1758 rem,

47 1765 151 1819 Omnia
169 1764 308 1818 conductis
325 1771 449 1820 coemens
466 1765 577 1820 obsonia
593 1765 718 1830 nummio,

46 1839 186 1895 Sordidus
204 1841 286 1908 atquo
302 1842 385 1894 animi
402 1841 477 1910 quod
493 1841 569 1910 parvi
584 1840 653 1893 nolit
670 1839 774 1907 haberi,
876 1852 897 1890 ro

47 1915 221 1984 Respondet
255 1914 395 1970 Laudatur
411 1917 447 1970 ab
464 1916 513 1983 his,
531 1915 656 1983 culpatur
673 1913 708 1968 ab
726 1915 787 1968 illis.

47 1990 179 2044 Fufidius
196 2006 297 2059 vappae
315 1990 415 2044 famam
432 1991 512 2046 timet
530 2007 561 2044 ac
578 1989 725 2055 nebulonis,

47 2066 136 2119 Dives
155 2065 234 2132 agris,
253 2066 328 2120 dives
345 2067 440 2135 positis
458 2067 486 2118 in
503 2066 595 2120 fenore
613 2064 747 2122 nummis:

47 2141 157 2205 Quinas
174 2141 217 2192 hic
234 2141 317 2210 capiti
334 2140 472 2194 mercedes
490 2143 600 2194 exsecat
616 2143 699 2207 atque

47 2215 163 2279 Quanto
178 2215 313 2283 perditior
329 2217 444 2285 quisque
462 2220 505 2269 est
522 2219 600 2270 tanto
618 2214 706 2268 acrius
724 2214 819 2281 urget3
876 2223 899 2264 ιι

46 2290 172 2345 Nomina
189 2293 309 2344 sectatur
326 2291 407 2344 modo
424 2295 533 2360 sumpta
549 2294 626 2344 veste
643 2288 713 2342 virili

46 2364 109 2420 Sub
127 2363 253 2434 patribus
271 2366 347 2420 duris
364 2366 490 2420 tironum.
526 2365 652 2433 Maxime,
670 2365 810 2435 quianon,

46 2441 200 2510 Juppiter!
220 2441 353 2495 exclamat
371 2441 451 2494 simul
469 2446 552 2511 atque
570 2440 693 2496 audivitl
729 2441 771 2494 At
787 2440 816 2492 in
834 2454 864 2493 se

46 2516 107 2570 Pro
125 2519 243 2585 quaestu
260 2519 397 2586 sumptum
414 2516 479 2570 facit
496 2517 546 2570 hic.
582 2515 638 2568 Vix
655 2515 767 2570 credere
785 2513 872 2582 possis

48 2592 142 2656 Quam
155 2589 207 2644 sibi
224 2607 277 2644 nou
295 2592 332 2644 sit
348 2592 456 2658 amicus,
473 2592 513 2645 ita
529 2595 562 2645 ut
578 2595 657 2660 pater
673 2591 719 2644 ille
737 2589 847 2642 Terenti
873 2605 897 2642 eo

47 2665 159 2719 Fabula
176 2681 258 2733 quem
276 2666 404 2718 miserum
422 2670 504 2734 gnato
520 2667 620 2720 vixisse
637 2667 730 2732 fugato

47 2739 166 2794 Indneit
183 2756 238 2793 uon
255 2757 286 2794 se
302 2741 381 2810 pejus
398 2741 558 2795 cruciaverit
574 2746 657 2808 atquc
675 2739 726 2792 hic.

46 2817 81 2870 Si
98 2815 162 2886 quis
179 2831 250 2870 nunc
267 2819 388 2884 quaerat,
408 2815 467 2880 Quo
483 2833 527 2870 res
544 2817 611 2869 haec
627 2813 769 2883 pertinet?
785 2811 866 2870 illuc:

46 2892 126 2945 Dum
144 2891 232 2944 vitant
249 2891 326 2944 stulti
344 2891 410 2945 vitia
426 2891 455 2944 in
472 2891 605 2946 contraria
622 2892 743 2944 crnrunt.

45 2965 185 3022 Maltinus
202 2966 301 3018 tunicis
318 2965 442 3020 demissis
459 2965 596 3029 ambulat;
614 2967 656 3016 est
674 2963 721 3032 qui
875 2978 899 3019 aa

47 3042 162 3108 Inguen
179 3039 216 3092 ad
233 3040 395 3094 obscoenum
413 3040 553 3093 subductis
570 3053 657 3107 usque
674 3039 794 3105 facetum

48 3113 183 3169 Pastillos
201 3113 317 3168 Rufillus
333 3111 397 3185 olet,
416 3113 565 3182 Gorgonius
582 3113 695 3170 hircum.
