2036 3416
289 97 494 146 cARMINUM
510 97 563 146 III.
583 99 620 158 19,
639 101 678 149 20.
874 101 905 148 59

195 177 274 232 Inter
290 177 408 232 audaces
425 178 505 248 lupus
522 180 596 232 errat
613 193 713 246 agnos3

193 254 304 322 Spargit
320 258 441 321 agrestes
459 253 510 308 tibi
527 253 596 307 silva
612 254 740 321 frondes3

194 329 304 384 Gaudet
320 330 433 384 invisam
450 329 587 400 pepulisse
604 329 691 386 fossor
882 345 905 384 ιι

227 405 281 460 Ter
296 405 369 476 pede
385 409 495 460 terram

440 549 518 605 XIX.

195 631 334 696 Quirinum
351 632 437 686 distet
454 632 489 685 ab
508 631 610 686 Inacho

227 708 331 761 Codrus
347 725 398 776 pro
414 707 503 776 patria
519 723 573 762 non
590 706 703 762 timidus
719 707 788 762 mon'

194 781 301 849 Narras,
321 788 349 837 et
366 799 452 852 genus
472 783 557 836 Aeaci

226 858 262 911 Et
277 862 398 927 pugnata
415 875 491 912 sacro
508 858 580 912 heila
597 857 647 912 sub
666 858 731 914 llio:

194 931 250 998 Quo
268 934 365 987 Chium
382 934 471 1002 pretio
489 933 586 987 cadum
886 947 900 991 t

225 1009 384 1074 Mer-camur,
403 1009 464 1078 quis
481 1025 579 1078 aquarn
595 1012 730 1078 temperet
746 1007 862 1078 ignibus,

193 1083 250 1148 Quo
267 1085 416 1154 praebente
434 1084 543 1138 domum
562 1089 591 1138 et
608 1088 692 1152 quota

225 1158 343 1228 Pelignia
360 1177 466 1213 caream
483 1160 636 1227 frigoribus,
653 1163 735 1212 taces.

191 1233 233 1288 Da
248 1235 328 1288 limae
344 1251 459 1304 propere
476 1251 568 1301 novae,

223 1310 266 1363 Da
282 1309 368 1364 noctis
385 1309 498 1377 mediae,
517 1309 560 1377 da,
577 1325 652 1377 puer,
670 1309 781 1377 auguris

190 1383 330 1440 Murenae:
348 1385 437 1439 tribus
454 1389 503 1439 aut
519 1402 616 1438 novem

222 1461 371 1514 Miscentur
387 1461 489 1528 cyathis
506 1461 602 1529 pocula
619 1461 773 1514 commodis.

93 1604 95 1610 s
190 1534 239 1600 Qui
256 1536 350 1589 Musas
367 1539 441 1589 amat
457 1537 574 1604 impares

221 1611 321 1664 'lemos
337 1615 381 1665 ter
398 1611 507 1678 cyathos
524 1611 656 1664 attonitus
673 1613 750 1678 petet

108 1693 109 1696 ’
188 1684 286 1752 Vates;
303 1691 360 1740 tres
376 1686 503 1756 prohibet
520 1703 601 1754 supra

220 1762 350 1814 Rixarum
367 1766 490 1814 metuens
507 1766 619 1830 tangere
637 1761 733 1816 Gratia

186 1834 274 1890 liudis
286 1837 383 1903 juncta
399 1837 543 1890 sororibus.

220 1913 342 1965 lusanire
356 1912 448 1980 juvat:
466 1929 514 1966 cur
531 1913 708 1982 Berecyntiae

187 1988 298 2042 Cessent
315 1987 423 2041 flamina
439 1988 540 2042 tibiaci

219 2064 275 2117 Gur
291 2063 394 2133 pendet
411 2064 494 2116 tacita
510 2063 601 2116 fistula
618 2077 680 2116 cum
696 2061 771 2130 lyral

185 2137 329 2192 Parcentes
347 2155 398 2206 ego
415 2139 542 2192 dexteras

218 2214 272 2268 Odi
278 2235 286 2269 r
302 2231 399 2283 sparge
415 2229 508 2278 rosas3
525 2213 620 2267 audiat
636 2211 745 2268 invidus

184 2289 345 2344 Dementem
364 2289 507 2358 strepitum
525 2290 612 2357 Lycus

217 2366 253 2418 Et
270 2365 357 2419 vicina
375 2367 432 2418 seni
448 2381 502 2417 non
520 2365 617 2418 habilis
635 2364 715 2434 Lyco.

183 2441 276 2511 Spissa
292 2445 322 2495 te
339 2440 457 2493 nitidum
474 2457 557 2508 coma,

216 2517 289 2570 Puro
306 2520 336 2570 te
353 2515 475 2580 similem,
494 2515 620 2586 Telephe,
638 2516 762 2585 Vespero

182 2591 352 2660 Tempestiva
368 2591 439 2660 petit
457 2590 567 2645 Rhode:

214 2667 263 2721 Me
279 2668 371 2722 lentus
389 2666 519 2735 Glycerae
535 2669 625 2720 torret
641 2682 717 2720 amor
733 2681 818 2720 meae.

180 2889 245 2945 Nou
261 2889 338 2944 vides
355 2891 457 2957 quanto
474 2903 581 2942 moveas
598 2885 707 2954 periclo,

180 2966 292 3037 Pyrrhe,
311 2964 444 3018 Gaetulae
460 2963 563 3016 catulos
579 2961 708 3018 leaenael

179 3040 257 3095 Dura
272 3043 336 3109 post
352 3039 442 3107 paullo
459 3038 547 3106 egres
564 3036 684 3091 inaudax

88 3171 99 3212 6
213 3115 322 3170 Proelia
338 3117 440 3180 raptor,
