2008 3416
300 97 504 151 cremnon
521 97 612 154 rua
845 103 878 160 rs

167 185 286 241 Dextrae
304 177 429 237 obarmet
446 197 580 251 quaerere
598 181 699 248 distrui,

167 260 224 316 Nec
242 259 312 315 scire
329 257 371 312 fas
390 262 434 312 cst
451 257 639 323 omnia3-sed
658 257 707 311 diu

199 337 324 404 Lateque
341 334 466 388 victrices
483 336 610 386 catervae

22 423 23 428 ’
119 455 121 460 .
236 411 364 465 Consiliis
377 408 488 477 juvenis
506 407 626 461 revictae

167 486 282 540 sensere
300 484 368 554 quid
384 500 463 536 mens
480 483 542 550 rite,
561 481 629 550 quid
646 482 752 536 indoles
856 499 879 536 ss

168 562 192 616 N
195 562 281 614 utrita
297 559 395 614 sumtis
412 557 464 611 sub
480 557 667 626 penetralibus

201 636 307 704 Posset,
324 633 393 704 quid
411 633 531 700 Augusti
548 635 680 699 paternus

236 710 271 764 In
287 725 388 779 pueros
406 708 511 761 animus
529 707 659 761 Nerones.

171 785 268 840 Fortes
285 787 414 838 creantur
431 782 548 836 sortibus
566 785 596 836 et
613 782 706 847 bouis;

169 860 218 916 llst
234 861 264 913 in
275 859 410 928 juvencis,
428 857 518 912 estin
535 858 613 926 equis
630 861 739 925 patrum
855 871 879 909 m

201 935 306 1003 Virtus,
323 950 413 1004 neque
430 932 568 986 imbellem
586 931 691 984 feroces

236 1011 425 1078 Progeuerant
441 1008 548 1076 aquilae
566 1007 734 1071 columbam

168 1083 300 1138 Doctrina
316 1084 367 1139 sed
383 1084 439 1137 vim
456 1086 599 1152 promovet
615 1082 732 1149 insitum,

169 1158 302 1229 Rectique
318 1159 408 1223 cultus
425 1162 537 1226 pectore
554 1158 698 1224 roborant;

201 1234 350 1304 Utcunque
367 1233 492 1288 defecere
509 1249 599 1286 mores
854 1246 878 1287 se

236 1309 400 1364 indecorant
417 1308 488 1362 bene
504 1312 569 1362 natu
585 1309 689 1377 culpae.

169 1383 241 1448 Quid
259 1385 368 1452 debeas,
386 1400 403 1437 0
421 1383 516 1449 Roma,
534 1382 690 1435 Neronibus
710 1417 713 1422 -

168 1459 256 1514 'lestis
273 1459 431 1514 Metaurum
448 1457 550 1510 flumen
568 1461 598 1510 et
616 1456 778 1511 Hasdrubal

201 1534 332 1588 Devictus
350 1538 379 1588 et
395 1532 509 1601 pulcher
526 1532 629 1600 fugatis

236 1609 288 1663 Ille
306 1608 365 1662 dies
384 1609 462 1661 Latio
479 1607 602 1662 tenebris

168 1681 220 1746 Qui
236 1682 342 1751 primus
357 1682 429 1736 alma
445 1682 506 1736 risit
522 1683 640 1749 adorea.

168 1756 251 1811 Dirus
268 1773 319 1826 per
335 1757 419 1810 urbes
437 1757 507 1810 Afer
523 1761 556 1811 ut
574 1758 660 1811 Italas

200 1833 259 1887 Ceu
276 1833 385 1887 flamma
402 1850 452 1901 per
468 1834 566 1887 taedas
583 1833 627 1888 vel
646 1833 734 1887 Durus

234 1908 289 1962 Per
307 1908 409 1962 Siculas
427 1909 561 1978 equitavit
578 1909 674 1962 undas.

167 1980 234 2036 Post
249 1983 301 2036 hoc
318 1983 444 2039 secundis
461 1999 549 2052 usquc
565 1983 704 2036 laboribus
851 1994 876 2034 le

167 2056 288 2112 Romana
304 2057 392 2126 pubes
409 2059 495 2112 crevit
512 2061 541 2111 et
557 2057 641 2124 impio

199 2132 316 2186 Vastata
334 2133 486 2186 Poenorum
503 2133 624 2186 tumultu

233 2207 311 2261 Faue
328 2207 395 2261 deos
411 2207 533 2263 habuere
550 2211 653 2272 rectos3

167 2279 298 2352 Dixitque
315 2283 427 2336 tandem
444 2283 566 2351 perfidus
584 2281 736 2337 Hannibal:

166 2356 246 2411 Cervi
261 2357 388 2430 luporum
404 2358 508 2427 pracda
524 2358 662 2426 rapacium
730 2361 733 2366 '
850 2367 874 2410 to

199 2431 342 2486 Secteumr
357 2433 431 2487 ultro
448 2449 516 2502 quos
533 2433 639 2502 opimus

234 2507 341 2561 Fallere
359 2511 388 2562 et
405 2508 526 2575 effugere
543 2511 588 2562 cst
603 2506 763 2575 triumphus

166 2579 239 2636 Gens
256 2599 327 2651 quae
343 2587 464 2638 cremato
481 2583 562 2637 sortis
577 2582 612 2636 ab
630 2583 683 2636 Ilio

166 2653 277 2711 «lactata
295 2657 388 2712 Ducis
405 2658 569 2728 aequoribus
586 2673 664 2716 sacru

197 2730 224 2784 N
225 2735 339 2800 atosque
356 2736 642 2802 maturosque-patres
849 2741 874 2784 es

233 2806 353 2870 l'ertulit
372 2809 507 2862 Ausonias
524 2808 560 2860 ad
577 2805 667 2874 urbes,

165 2875 248 2934 Duris
265 2885 298 2936 ut
314 2881 369 2936 ilex
386 2885 466 2935 tonsa
482 2879 645 2949 bipennibus

164 2950 267 3021 Nigrae
283 2955 367 3010 feraci
384 2956 489 3010 frondis
506 2958 535 3009 in
554 2953 662 3021 Algido,

199 3027 254 3083 Per
270 3030 377 3099 damna,
393 3047 443 3101 per
460 3030 564 3096 caedes,
583 3029 618 3082 ab
634 3027 695 3096 ipso

233 3101 319 3158 Ducit
335 3119 401 3173 opes
417 3104 590 3173 aninrumque
606 3102 686 3158 ferro.
852 3123 875 3159 m
979 3161 980 3164 ,
