2044 3416
92 85 142 158 'ror
369 97 524 150 nouam
540 97 670 146 nmocr

92 187 167 252 Quid
178 183 301 240 studiosa
313 181 408 237 cohors
421 195 533 248 operum
546 177 645 232 struiti
678 175 740 256 Hoc
751 193 868 248 quoque
882 195 990 238 euro.
1016 187 1017 190 ’

93 263 161 327 Quis
179 261 231 315 sibi
248 276 294 314 res
310 261 403 328 gestas
421 254 542 324 Augusti
559 253 679 308 scribere
696 255 795 308 sumiti

93 339 173 394 Bella
190 337 251 406 quis
267 340 297 391 et
313 351 395 404 paces
412 333 524 401 longum
542 331 672 386 diffundit
688 330 718 384 in
735 333 854 387 aevuml

95 414 169 480 Quid
186 413 275 468 Titius
293 412 416 465 Romana
432 408 510 469 brevi
526 410 658 461 venturus
675 407 704 459 in
722 407 785 460 orel
800 401 802 410 '

95 489 234 544 Pindarici
251 487 334 542 fontis
353 486 400 555 qui
417 502 472 540 non
490 483 622 551 expalluit
639 483 761 550 haustus,
954 502 987 544 n
1016 511 1017 522 κ

96 565 235 620 Fastidire
252 564 326 636 lacus
344 567 375 616 et
391 561 464 615 rivos
482 576 564 613 ausus
581 560 698 626 apertos.

95 641 138 695 Ut
154 641 244 694 valeti
262 642 295 692 ut
312 637 436 691 meminit
453 635 568 690 nostrii·
591 633 741 688 Fidibusne
758 633 867 691 Latini-3

96 715 241 770 Thebanos
260 716 356 781 aptare
373 711 469 766 modos
487 711 582 766 studet
598 710 708 778 auspice
726 709 814 778 Musa,

90 793 144 848 An
161 789 266 857 tragica
283 788 406 841 desaevit
423 791 452 841 et
469 786 635 855 ampullatur
651 786 680 838 iu
697 787 775 839 artel

98 865 172 932 Quid
180 864 247 918 mihi
257 863 352 918 Celsus
363 863 437 931 agitl
454 863 574 916 monitus
582 861 753 930 multumque
764 861 937 918 monendus
951 882 981 921 15

98 941 223 996 Privatus
240 942 273 994 ut
291 942 406 1008 quaerat
423 954 497 1007 opes,
515 941 544 991 et
561 941 675 1004 tangere
692 937 763 990 vitet

98 1015 366 1086 ScriptaPaletinus
383 1029 560 1084 quaecunque
581 1013 685 1081 recapit
703 1011 810 1082 Apollo,

99 1093 126 1150 N
128 1109 143 1146 e
161 1093 185 1146 si
202 1092 273 1146 forte
292 1107 354 1144 suas
371 1089 520 1157 repetitum
536 1088 644 1142 venerit
660 1087 725 1140 olim

100 1169 176 1222 Grex
193 1167 284 1221 avium
301 1166 409 1234 plumas
426 1167 535 1218 moueat
552 1162 687 1217 cornicula
704 1162 789 1216 risum
1016 1209 1017 1214 ,

100 1242 222 1298 Furtivis
238 1241 342 1296 nudata
359 1239 501 1296 coloribus.
537 1237 687 1308 Ipsequid
703 1237 805 1293 audesl
944 1257 976 1298 20
1016 1307 1017 1310 Ἰ

101 1319 177 1383 Quae
195 1317 395 1372 circumvolitas
412 1315 491 1384 agilis
507 1313 618 1383 tbymai
654 1313 680 1367 N
682 1330 717 1367 on
733 1313 786 1368 tibi
803 1329 933 1382 parvum
1016 1323 1017 1326 ’

101 1391 253 1460 Ingenium,
271 1407 326 1444 non
343 1390 475 1444 incultum
493 1392 536 1443 est
553 1392 583 1443 et
599 1389 719 1458 turpiter
735 1389 844 1443 hirtum.

101 1467 157 1521 Seu
174 1467 294 1535 linguam
312 1466 400 1520 causis
417 1465 491 1519 acriis
509 1481 559 1519 seu
576 1465 659 1518 civica
672 1465 738 1533 jura

102 1541 286 1612 Respondere‘
297 1558 377 1610 pares
395 1557 444 1596 seu
461 1540 555 1594 condis
572 1541 687 1594 amabile
703 1557 820 1606 carmen,

102 1618 196 1673 Prima
212 1619 284 1674 feres
301 1618 420 1672 hederae
436 1617 556 1670 victricis
573 1617 701 1685 praemia.
736 1615 839 1680 Quodsi
940 1635 973 1676 2⁵

102 1693 216 1762 Frigida
233 1709 360 1748 curarum
376 1693 498 1746 fomenta
514 1692 667 1761 relinquere
684 1707 778 1761 posses

103 1769 165 1834 Quo
181 1773 212 1822 te
229 1767 353 1822 caelestis
370 1767 504 1836 sapientia
521 1767 634 1822 duceret
651 1769 712 1822 ires.

103 1845 165 1898 Hoc
182 1860 257 1912 opus,
274 1841 325 1896 hoe
342 1842 464 1896 studium
481 1844 559 1912 parvi
576 1859 753 1912 properemus
770 1845 799 1898 et
816 1843 901 1912 ampli

103 1919 133 1974 si
150 1919 256 1988 patriae
273 1916 404 1986 uolumus,
422 1917 445 1972 si
463 1919 541 1972 nobis
558 1919 649 1973 vivere
666 1919 728 1973 cari.

103 1995 196 2050 Debes
212 1995 264 2049 boc
281 1994 365 2048 etiam
382 1994 540 2062 rescribere,
559 1995 582 2047 si
599 1994 651 2048 tibi
669 2011 749 2048 curae
937 2015 967 2055 32

104 2071 229 2136 Quantae
246 2070 389 2125 conveniat
406 2070 562 2136 Munatius3
580 2087 615 2124 an
631 2071 702 2124 male
720 2073 794 2124 sarta

104 2147 201 2200 Gratia
218 2146 398 2215 nequicquam
415 2145 471 2200 coit
488 2148 518 2200 et
535 2145 706 2200 rescinditur.
728 2136 848 2200 'Atros

104 2223 160 2277 Seu
177 2221 280 2276 calidus
298 2221 407 2288 sanguis
425 2237 473 2274 sou
490 2237 582 2275 rerum
599 2222 707 2276 inscitia
723 2225 805 2276 vexat

105 2297 245 2352 Indomita
262 2296 366 2349 cervice
383 2297 463 2365 feros,
480 2296 634 2367 ubicunque
652 2297 771 2350 locorum

104 2373 214 2440 Vivitis,
231 2370 336 2439 indigni
353 2371 505 2426 fraternum
522 2389 649 2442 rumpere
666 2373 770 2441 foedus,
934 2391 965 2432 35
1016 2425 1017 2434 ,

105 2449 230 2506 Pascitur
245 2447 275 2502 in
292 2450 414 2503 vestrum
431 2448 552 2504 reditum
569 2449 659 2504 votiva
671 2448 797 2518 juvenca.

505 2593 557 2648 IV.

105 2663 188 2746 Andr,
204 2679 359 2734 nostrorum
377 2692 532 2731 sermonum
550 2676 665 2730 candide
677 2675 774 2745 judex,

106 2755 178 2821 Quid
195 2770 266 2808 nunc
283 2757 313 2808 te
331 2753 419 2806 dicam
436 2753 527 2807 facere
543 2751 572 2806 in
588 2753 700 2820 regione
721 2751 849 2806 Pedanal

105 2829 230 2884 Scribere
248 2827 323 2897 quod
340 2827 417 2882 Cassi
435 2827 589 2882 Parmensis
606 2827 735 2896 opuscula
751 2827 849 2896 vincat,

106 2907 152 2956 An
168 2903 283 2956 tacitum
301 2902 382 2954 silvas
399 2903 472 2956 inter
488 2905 599 2972 reptare
618 2902 747 2970 salubres,
1016 2947 1017 2970 q

107 2977 256 3028 ouantem
273 2977 408 3044 quidquid
425 2977 538 3046 signum
556 2978 679 3046 sapiente
696 2978 821 3048 bonoque
839 2979 902 3033 eser
947 2996 962 3037 c
1016 2973 1017 3038 l

107 3048 170 3100 Non
186 3051 218 3099 tu
235 3063 333 3114 corpus
350 3065 412 3102 eras
430 3051 487 3103 sine
504 3056 621 3120 pectore.
657 3053 693 3106 Di
710 3053 763 3107 tibi
780 3054 905 3121 formam,
1016 3039 1017 3066 ³

107 3117 145 3171 Di
162 3118 213 3172 tibi
231 3117 340 3174 divitias
358 3121 495 3176 dederunt
511 3128 653 3194 artemque
670 3127 787 3182 fruendi.
