2044 3416
381 94 450 142 Ans
466 92 627 144 POETICA.
884 99 929 148 201

75 174 167 238 Quem
185 187 269 241 penes
287 171 432 228 arbitrium
450 178 494 228 est
511 177 541 228 et
554 173 602 242 jus
620 177 650 228 et
667 191 763 230 norma
780 176 917 246 loquendi.

75 249 136 302 Res
153 251 250 315 gestae
267 263 419 318 regumque
438 249 593 318 ducumque
611 254 641 304 et
656 249 749 304 tristia
767 251 839 305 bella

76 324 138 388 Quo
157 322 240 377 scribi
256 328 369 391 possent
386 341 500 378 nurnero
518 326 681 380 monstravit
700 327 844 382 Homerus.

75 398 214 454 Versibus
231 393 374 466 impariter
387 399 492 467 junctis
510 401 679 469 querimonia
696 401 822 470 primurn,
910 420 933 460 ιε

77 476 146 529 Post
164 474 248 529 etiam
265 473 369 528 melosa
386 479 430 528 est
447 475 504 529 voti
523 477 661 530 sententia
678 493 799 545 compos:

76 551 146 615 Quis
162 554 256 604 tamen
274 549 387 618 exiguos
405 551 497 618 elegos
515 552 639 606 emiserit
656 556 759 621 auctor,

76 625 257 681 Grammatici
274 629 380 680 certant
398 629 427 679 et
444 626 533 680 adhuc
550 627 601 680 sub
614 626 710 694 judice
727 628 760 680 lis
778 631 827 684 est

77 701 273 755 Archilochum
290 701 400 770 proprio
418 701 508 755 rabies
525 703 641 756 mmavit
658 702 763 768 iambo;

77 777 162 830 Hunc
180 776 250 831 socci
267 792 366 845 cepere
383 777 483 846 pedem
500 777 672 848 grandesque
690 778 822 848 cothmui,
909 795 932 833 ιι

77 852 205 905 Alternis
222 855 317 921 aptum
335 852 506 906 sermonibus
523 857 553 908 et
570 854 714 922 populares

77 927 287 980 Vincentemt
260 943 273 980 s
275 927 392 994 rep1tns
410 930 441 981 et
457 933 553 982 natum
570 928 653 982 rebus
670 929 790 998 agendis.

77 1003 161 1056 Musa
178 1002 258 1056 dedit
275 1002 378 1056 fidibus
396 1003 473 1057 divos
490 1020 644 1073 puerosque
662 1005 776 1059 deorum

77 1078 116 1132 Et
104 1078 255 1148 tpugilem
273 1077 403 1132 victorem
422 1083 452 1132 et
469 1095 569 1147 equum
587 1080 735 1134 certamine
752 1081 886 1150 primum

77 1155 116 1208 Et
130 1154 263 1222 juvenum
282 1171 362 1208 curas
379 1158 408 1208 et
425 1155 511 1208 libera
528 1155 590 1208 vina
607 1155 717 1209 referre.
906 1171 931 1212 sa

78 1231 232 1300 Discriptas
251 1246 359 1286 servare
377 1230 449 1284 vices
467 1247 633 1300 operumque
651 1231 755 1286 colores

79 1307 136 1360 Gur
154 1324 206 1375 ego
218 1307 248 1360 si
265 1323 371 1376 nequeo
388 1307 538 1376 ignoroque
555 1311 637 1376 pocta
653 1307 774 1363 salutari

79 1383 136 1437 (lar
153 1383 260 1436 nescire
277 1383 384 1451 pudens
401 1399 485 1451 prave
503 1399 584 1450 quam
602 1383 706 1436 discere
723 1383 812 1438 maloi

78 1457 215 1513 Versibus
233 1459 331 1528 exponi
348 1458 461 1526 tragicis
477 1475 522 1512 res
540 1458 642 1512 comica
658 1475 712 1512 non
729 1459 803 1523 vult;

13 1575 15 1600 ,
78 1533 247 1602 Indignatur
264 1535 332 1587 item
349 1533 464 1602 privatis
481 1549 513 1588 ac
529 1551 614 1603 prope
631 1551 708 1588 socco
903 1543 926 1582 90

13 1609 178 1692 Dignis
195 1610 360 1666 carminibus
376 1609 483 1662 narrari
500 1626 583 1664 coena
600 1609 739 1677 Thyestae

13 1677 192 1755 Singula
210 1701 334 1754 quaeque
351 1685 439 1739 locum
457 1689 570 1739 teneant
587 1686 652 1739 sorti
644 1689 683 1738 rta
654 1686 835 1740 t.decenter

13 1787 15 1840 ᾗ
79 1761 226 1816 Interdum
244 1764 337 1815 tamen
356 1765 385 1815 et
401 1777 495 1815 vocem
514 1760 653 1815 comoedia
670 1761 749 1830 tollit,

13 1841 14 1904 l
79 1837 227 1908 Iratusquc
245 1837 376 1892 Chremes
393 1837 500 1891 tumido
518 1837 586 1890 delii
574 1837 644 1905 tigat
662 1853 723 1902 ore;

78 1913 117 1968 Et
133 1915 254 1982 tragicus
271 1914 432 1983 plerumque
450 1912 526 1966 dolet
545 1929 669 1967 sermone
686 1913 809 1983 pedestri
905 1927 930 1969 as

79 1989 215 2059 Telephus
233 1993 263 2043 et
281 1989 386 2057 Peleus,
405 2005 466 2043 cum
484 1992 634 2058 pauperet
652 1989 729 2042 exsul
746 1993 864 2058 uterque

13 2115 14 2144 ,
79 2063 194 2133 Projieit
212 2065 345 2133 ampullas
365 2069 394 2119 et
413 2063 613 2134 sesquipedalia
632 2063 722 2132 verba,

13 2145 14 2198 l
78 2140 109 2194 Si
127 2144 206 2194 curat
225 2157 273 2194 cor
292 2140 441 2209 spectantis
461 2140 586 2208 tetigisse
604 2139 723 2208 querela.

13 2221 14 2262 l
78 2216 105 2270 N
107 2233 142 2272 on
161 2217 227 2271 satis
245 2219 287 2270 est
306 2217 419 2286 pulchra
436 2232 496 2269 esse
513 2220 654 2285 podmata3
672 2215 762 2269 dulcia
779 2222 860 2273 sunto

78 2293 117 2348 Et
135 2310 297 2362 quocunque
316 2293 409 2346 volent
426 2292 546 2346 animum
563 2291 696 2346 auditoris
715 2297 825 2361 agunto,
896 2309 929 2350 ιιι

77 2368 119 2422 Ut
136 2369 290 2423 ridentibus
308 2369 439 2436 arrident,
459 2369 498 2422 ita
516 2367 644 2422 fientibus
662 2368 763 2422 adsunt

13 2481 14 2512 3
78 2444 202 2499 Humani
219 2446 325 2500 vultus:
344 2446 367 2499 si
386 2445 426 2498 vis
445 2461 490 2498 me
508 2444 575 2498 llere
593 2445 740 2498 dolendum
758 2447 802 2498 est

78 2519 202 2574 Primum
220 2521 272 2590 ipsi
290 2521 356 2575 tibi:
375 2524 441 2576 tunc
458 2525 507 2574 tua
523 2537 568 2574 me
585 2521 732 2574 infortunia
748 2520 866 2590 laedent,

77 2595 197 2666 Telephe
215 2597 259 2652 vel
278 2597 377 2663 Peleu3
395 2596 505 2650 malesi
526 2596 654 2649 mandata
671 2595 790 2662 loqueris

77 2673 138 2726 Aut
155 2672 309 2726 dormitabo
327 2676 375 2726 aut
391 2671 495 2726 ridebo.
531 2671 630 2724 Tristia
647 2675 801 2724 maestum»
895 2687 928 2728 ιιι

77 2747 194 2802 Vultum
211 2747 295 2802 verba
312 2748 419 2816 decent,
436 2748 537 2800 iratum
555 2745 635 2814 plena
652 2744 794 2812 minarum,

77 2821 233 2878 Ludentom
250 2823 365 2891 lasciva,-
376 2838 501 2896 severum
519 2821 591 2874 seria
608 2819 691 2874 dictu

77 2897 191 2953 llormat
208 2899 281 2952 enim
298 2903 396 2952 natura
411 2893 488 3005 prius
505 2913 554 2950 nos
571 2895 646 2949 intus
663 2895 699 2948 ad
717 2911 824 2950 ornnem

77 2972 261 3028 Fortunarum
278 2972 403 3028 habitum
411 2973 512 3041 ;juvat
529 2974 577 3024 aut
594 2970 711 3040 impellit
723 2971 789 3024 ad
781 2987 850 3025 nam

77 3051 137 3103 Ant
154 3049 192 3103 ad
209 3049 322 3106 humum
339 3065 462 3102 maerore
479 3048 555 3116 gravi
573 3046 686 3100 deducit
674 3049 732 3101 tet
750 3047 840 3115 angit;
895 3064 926 3102 no

13 3173 15 3188 ,
77 3124 144 3178 Post
161 3125 243 3179 ollcrt
231 3124 344 3179 tanimi
361 3126 456 3176 motus
469 3123 620 3190 interprete
638 3123 737 3190 lingua.
