2044 3416
316 56 570 107 EPIS'I'OLARUM
587 57 625 108 H.
646 57 668 110 1.
876 56 921 112 187

51 141 102 194 Nil
120 139 211 210 intra
228 137 275 190 est
292 135 387 202 oleam,
405 136 443 189 nil
461 140 541 190 extra
558 141 602 192 est
619 138 648 190 iu
665 153 734 192 nuce
751 124 829 204 du'ri;

52 216 205 270 Venimus
222 212 261 266 ad
278 225 414 266 summum
431 212 575 278 fortunae;
594 214 731 282 pingimus
748 219 832 284 atque

56 291 219 344 Psallimus
236 291 267 342 et
284 289 420 342 luctamur
438 288 550 342 Achivis
567 288 675 343 doctius
692 291 787 344 unctis

57 366 87 420 Si
106 364 236 419 meliora
253 363 313 417 dies
329 367 362 418 ut
379 363 442 417 vina
459 367 586 432 poemata
602 363 704 432 reddit,

57 441 141 496 Scire
159 438 250 493 velim
267 438 370 492 chartis
387 438 506 507 pretium
524 443 625 508 quotus
641 444 751 508 arroget
767 457 860 495 eunus
900 459 923 500 ar

57 517 198 584 Scriptor
214 513 314 568 abhinc
331 530 415 566 annos
433 518 542 568 centum
560 515 608 583 qui
625 514 729 568 decidit
746 515 818 570 iuter

58 592 216 644 Perfectus
234 593 397 658 veteresque
414 590 511 643 referri
529 589 622 658 debet,
639 607 674 644 au
690 591 764 644 inter

58 667 145 720 Viles
165 669 255 734 atque
272 667 374 719 novosi
409 664 545 719 Excludat
559 665 653 733 jurgia
670 665 739 720 finis.

60 743 118 796 Est
135 745 224 795 vetus
243 744 327 808 atque
343 739 445 808 probus
462 745 571 795 centum
589 741 636 809 qui
654 741 762 810 perlicit
779 759 870 797 annos.

61 817 151 886 Quid,
172 817 222 884 qui
241 815 359 884 deperiit
376 816 463 870 minor
480 833 534 870 uuo
550 833 645 870 mense
662 817 705 870 vel
723 834 800 888 anuo,
899 833 923 870 ro

62 894 148 947 Inter
168 907 245 960 quos⁴
259 890 420 945 referendus
438 893 512 946 criti
533 895 676 946 veteresne
693 898 795 962 poetas,
1002 891 1004 896 ’

64 972 115 1023 An
134 983 209 1036 quos
227 971 256 1021 et
273 982 403 1036 praesens
420 971 450 1021 et
466 971 577 1036 postera
593 973 706 1036 respuat
723 969 819 1023 ectasi

63 1046 130 1098 Iste
150 1042 269 1112 quidem
286 1047 394 1096 veteres
411 1043 484 1097 inter
501 1047 619 1112 ponetur
636 1043 751 1097 honeste

63 1120 122 1186 Qui
139 1118 189 1174 vel
206 1134 301 1171 mense
318 1117 397 1171 brevi
414 1119 457 1172 vel
475 1123 534 1173 toto
552 1124 595 1173 est
608 1119 703 1187 junior
720 1135 795 1175 auno.

62 1197 143 1250 Utor
161 1194 297 1264 permisso
315 1195 472 1263 caudaeque
490 1195 560 1263 pilos
577 1198 609 1248 ut
626 1195 741 1263 equinae
899 1209 923 1251 ⁴³

63 1270 212 1325 Paulatim
230 1269 300 1324 vello
314 1274 344 1324 et
358 1270 438 1323 demo
455 1287 547 1338 unum,
559 1269 640 1323 demo
656 1275 686 1324 et
702 1271 770 1325 item
786 1287 879 1338 uuum,

63 1347 145 1400 Dum
165 1345 249 1399 cadat
267 1345 357 1399 elusus
374 1345 480 1399 ratione
498 1346 602 1399 ruentis
619 1346 708 1399 acervi

65 1423 124 1486 Qui
141 1421 222 1475 redit
238 1421 267 1474 in
285 1421 370 1474 fastos
388 1425 417 1475 et
434 1421 566 1475 virtutem
584 1421 712 1475 aestimat
729 1423 813 1490 annis,

65 1499 252 1566 Miraturque
269 1497 336 1550 uihil
353 1496 405 1550 nisi
424 1497 498 1566 quod
515 1496 637 1550 Libitine
654 1498 776 1552 sacravit
793 1497 795 1504 ’

66 1573 179 1627 Ennius
197 1576 227 1625 et
244 1572 351 1641 sapiens
369 1576 398 1625 et
414 1572 493 1626 fortis
510 1575 540 1626 et
556 1572 628 1626 alter
646 1571 793 1639 Homerus,
896 1585 921 1627 u

67 1649 112 1702 Ut
129 1647 222 1702 critici
240 1647 342 1715 dieunt,
359 1647 458 1702 leviter
475 1663 570 1702 curare
587 1646 698 1701 videtur

68 1724 134 1788 Quo
153 1723 289 1791 promissa
305 1723 405 1776 cadant
422 1727 451 1777 et
468 1721 572 1777 somnii
590 1721 768 1791 Pythagorea

68 1800 198 1853 Naevius
215 1798 244 1851 in
261 1797 386 1852 manibus
403 1815 458 1852 non
476 1803 518 1852 est
536 1803 566 1853 et
582 1799 720 1852 mentibus
737 1797 835 1852 haeret

69 1875 168 1928 Paene
186 1875 299 1928 recensi
336 1873 415 1927 Adeo
434 1878 557 1928 sanetum
570 1878 615 1928 est
632 1878 710 1928 vetus
725 1890 804 1928 omne
817 1877 923 1947 poema.

70 1949 237 2016 Ambigitur
254 1949 380 2017 quotiens
396 1953 460 2002 uter
476 1953 539 2003 utro
557 1949 594 2003 sit
610 1951 693 2018 prior,
711 1949 801 2003 aufert
898 1963 922 2003 tt

75 2026 217 2080 Pacuvius
235 2025 309 2078 docti
327 2025 426 2078 famam
444 2025 524 2092 senis,
542 2025 642 2078 Accius
659 2025 716 2090 alti,

70 2102 187 2156 Dicitur
207 2101 304 2154 Afrani
323 2104 388 2169 toga
405 2101 562 2154 convenisse
580 2100 740 2167 Menandro,

73 2178 192 2230 Plautus
210 2176 246 2230 ad
263 2177 402 2245 exemplar
419 2176 503 2230 Siculi
520 2192 667 2244 properare
685 2174 847 2244 Epicharmi,

71 2253 197 2306 Vincere
216 2251 348 2306 Caecilius
365 2252 506 2320 gravitate,
525 2250 670 2306 Terentius
687 2255 756 2309 arte.

73 2328 136 2382 Hos
155 2327 254 2381 ediscit
271 2331 300 2382 et
317 2327 367 2380 hos
384 2330 461 2381 arcto
479 2327 581 2397 stipata
598 2325 709 2381 theatro
897 2343 921 2384 to

73 2405 192 2473 Spectat
210 2403 297 2456 Roma
313 2406 429 2472 potens;
453 2401 538 2458 habet
556 2401 605 2456 hos
624 2407 803 2472 numeratque
821 2405 916 2472 poetas
987 2415 990 2420 ·

73 2480 124 2533 Ad
142 2481 266 2532 nostrum
283 2481 392 2548 tempus
412 2478 472 2531 Livi
491 2477 630 2547 scriptoris
647 2477 682 2530 ab
701 2493 774 2531 aevo.

73 2555 223 2609 Interdum
240 2553 337 2622 vulgus
354 2557 459 2608 rectum
476 2553 559 2622 videt,
578 2556 620 2606 est
637 2551 685 2604 ubi
702 2555 804 2620 peceat.

73 2632 103 2684 Si
122 2635 230 2684 veteres
248 2630 287 2684 ita
304 2630 421 2683 miratur
437 2628 586 2696 laudatque
603 2629 698 2694 politas

72 2706 115 2760 Ut
133 2705 203 2758 nihil
220 2705 356 2762 anteferat
373 2705 441 2758 nihil
458 2704 512 2757 illis
529 2705 676 2770 comparet,
693 2703 786 2755 errat:
900 2715 923 2755 tt

74 2781 109 2835 Si
123 2781 260 2850 quaedam
276 2781 358 2834 nimis
376 2781 496 2848 antique,
515 2779 538 2832 si
555 2778 686 2847 pleraque
703 2776 775 2850 dure

73 2857 177 2911 Dicere
195 2857 284 2910 credit
301 2873 356 2926 eos,
373 2857 469 2924 ignave
487 2854 575 2908 multa
591 2851 701 2918 fatetur,
764 2859 769 2873 ‘

74 2933 111 2987 Et
130 2931 203 3002 sapit
221 2936 250 2986 et
267 2949 373 2987 meeum
391 2932 456 2984 facit
473 2934 502 2984 et
520 2929 590 2982 Jove
603 2927 711 2997 judicat
729 2942 823 2997 aequo.

73 3008 100 3062 N
102 3025 138 3062 on
157 3008 286 3077 equidem
303 3009 422 3060 insector
440 3005 612 3074 delendaque
630 3002 749 3058 carmina
767 3001 827 3056 Livi

75 3084 144 3138 Esse
161 3100 232 3152 reor,
250 3083 361 3137 memini
378 3097 449 3149 quae
467 3079 607 3148 plagosum
625 3079 693 3133 mihi
710 3093 794 3146 parvo
899 3092 922 3132 u
