2008 3416
346 79 494 128 EPODON
510 79 626 140 LIBER,
646 85 669 132 5.

174 159 282 220 Contra
297 159 418 213 latrones
435 163 519 228 atque
538 161 663 214 servilem
681 179 791 218 manum

213 235 282 302 Hoc,
300 223 352 288 boc
369 234 479 288 tribuno
498 235 631 291 militumi

177 461 253 527 “An
272 477 289 514 o
306 461 420 514 deorum
438 461 574 530 quidquid
590 463 619 516 in
637 465 712 519 caelo
729 466 802 535 regit

212 535 312 589 Terras
329 538 358 588 et
375 535 524 588 humanum
541 553 634 604 genus,
678 565 685 582 ι

178 609 252 675 Quid
268 609 323 662 iste
340 609 396 662 fcrt
414 611 568 665 tumultum?
586 617 635 666 aut
652 613 720 682 quid
737 615 855 670 omnium

213 683 316 737 Vultus
333 684 362 736 in
379 700 464 738 unum
481 701 526 737 me
543 689 655 740 trucesl

176 760 234 813 Per
251 758 353 812 liberos
370 763 407 825 te,
425 759 448 812 si
466 763 562 813 vocata
578 761 711 828 partubus
917 779 930 820 t

212 833 315 888 Lucina
332 834 405 886 veris
423 833 508 900 affuit,

177 909 233 964 Per
250 908 302 961 hoc
318 908 399 962 inane
417 925 555 976 purpurae
573 909 656 963 decus
673 929 777 980 precor,

213 984 268 1037 Per
284 983 502 1051 improbaturum
520 983 588 1036 hacc
604 984 624 1037 J
625 1001 709 1052 ovem,

177 1057 253 1123 Quid
269 1062 303 1112 ut
319 1074 436 1111 noverca
453 1074 498 1110 me
515 1057 630 1112 intueris
648 1064 696 1112 aut
714 1061 755 1114 uti

213 1133 306 1187 Petita
322 1133 395 1187 ferro
412 1132 539 1186 belluul’'
589 1157 592 1162 Δ
905 1151 926 1192 ro

176 1209 220 1263 Ut
236 1207 304 1262 haec
320 1209 450 1262 trementi
468 1211 582 1278 questus
600 1224 647 1262 ore
664 1211 789 1266 constitit

214 1284 373 1351 Insignibus
390 1283 477 1352 raptis
494 1300 571 1352 puer,

178 1359 296 1427 Impubc
313 1375 411 1426 corpus
428 1359 508 1427 quale
524 1362 620 1426 posset
638 1359 722 1427 impia

185 1479 192 1488 .
213 1434 323 1488 Mollire
342 1435 477 1486 Threcum
495 1437 613 1502 pectora,

179 1507 295 1562 Canidia
310 1507 440 1561 brevibus
457 1507 596 1576 implicata
613 1509 713 1577 viperis
904 1525 926 1566 ιε

215 1583 311 1637 Orines
329 1587 358 1636 et
375 1583 542 1651 incomptum
560 1588 642 1652 caput

180 1658 269 1712 Jubet
286 1657 417 1727 sepulcris
435 1658 574 1726 caprificos
591 1661 692 1726 erutas,

213 1734 301 1787 Jubet
317 1747 460 1801 cupressus
477 1731 613 1800 funebres,

180 1807 217 1861 Et
234 1812 316 1862 uncta
332 1807 422 1875 turpis
440 1823 491 1860 ova
508 1807 591 1861 ranae
609 1807 746 1876 sanguine,

214 1883 392 1952 Plumemque
410 1888 558 1936 nocturnae
576 1884 676 1950 strigis,
902 1899 925 1937 uo

181 1956 345 2027 Herbusque
363 1973 431 2026 quas
450 1957 538 2010 Iolcos
556 1962 640 2026 atque
658 1957 773 2013 Hiberis

214 2032 304 2086 Mittit
321 2047 485 2086 venenorum
503 2033 587 2100 ferax,

181 2103 218 2159 Et
234 2122 295 2160 ossa
312 2106 348 2160 ab
365 2122 413 2160 ore
430 2110 510 2173 rapta
523 2106 636 2174 jejunae
654 2106 727 2160 canis

215 2179 344 2234 Flammis
361 2179 440 2232 aduri
459 2180 595 2236 Colchicis.
837 2205 845 2228 ·

183 2258 224 2312 At
240 2254 368 2323 expedita
386 2253 492 2322 Sagana
508 2271 558 2321 per
575 2259 662 2310 totam
680 2255 790 2312 domum
899 2271 924 2314 st

215 2330 351 2400 Spargens
369 2329 518 2383 Avernales
536 2347 620 2398 aquas

126 2417 128 2424 ’
182 2403 286 2458 Horret
303 2405 414 2473 cupillis,
429 2408 461 2459 ut
478 2405 598 2458 marinus
615 2405 716 2474 asperis

215 2480 333 2534 Echinus
351 2483 399 2532 aut
416 2495 526 2534 currens
543 2496 615 2548 aper.

181 2554 288 2608 Abaota
304 2554 378 2608 nulle
396 2553 466 2608 Veia
483 2555 646 2611 conscientia

214 2629 362 2698 ligonibus
379 2629 454 2682 duris
471 2629 584 2683 humum

179 2703 368 2759 Exhauriebat
384 2704 525 2772 ingemens
543 2697 686 2771 laboribus,

214 2779 273 2842 Quo
290 2782 383 2848 posset
399 2779 514 2834 infossus
531 2796 600 2848 puer

178 2851 273 2924 Longo
291 2854 337 2907 die
353 2853 397 2906 bis
413 2858 512 2922 terque
529 2857 652 2908 mutatae
670 2854 747 2924 dapis
815 2860 817 2864 ’

215 2927 334 2981 Inemori
351 2929 510 2997 spectaculo,

179 3001 250 3056 (lum
268 3004 435 3070 promineret
452 3019 500 3056 ore
518 3008 650 3071 quantum
668 3006 778 3058 exstent
796 3011 866 3073 aqua
905 3018 928 3060 st

214 3076 353 3144 Suspensas
369 3080 462 3133 mento
480 3092 608 3144 corpora;
