<?xml version="1.0" encoding="UTF-8"?>
<!DOCTYPE html PUBLIC "-//W3C//DTD XHTML 1.0 Transitional//EN"
    "http://www.w3.org/TR/xhtml1/DTD/xhtml1-transitional.dtd">
<html xmlns="http://www.w3.org/1999/xhtml" xml:lang="en" lang="en">
 <head>
  <title>
</title>
<meta http-equiv="Content-Type" content="text/html;charset=utf-8" />
  <meta name='ocr-system' content='tesseract 3.04.00' />
  <meta name='ocr-capabilities' content='ocr_page ocr_carea ocr_par ocr_line ocrx_word'/>
</head>
<body>
  <div class='ocr_page' id='page_1' title='image "./quintihoratiifl01maclgoog_0121.png"; bbox 0 0 2008 3416; ppageno 0'>
   <div class='ocr_carea' id='block_1_1' title="bbox 118 91 796 144">
    <p class='ocr_par' dir='ltr' id='par_1_1' title="bbox 118 91 796 144">
     <span class='ocr_line' id='line_1_1' title="bbox 118 91 796 144; baseline -0.007 0"><span class='ocrx_word' id='word_1_1' title='bbox 118 100 161 144; x_wconf 85' lang='lat'>108</span> <span class='ocrx_word' id='word_1_2' title='bbox 388 92 540 140; x_wconf 84' lang='lat' dir='ltr'><strong>HORATII</strong></span> <span class='ocrx_word' id='word_1_3' title='bbox 556 91 686 140; x_wconf 79' lang='lat' dir='ltr'><strong>FLAGOI</strong></span> <span class='ocrx_word' id='word_1_4' title='bbox 794 107 796 112; x_wconf 93' lang='lat'>·</span> 
     </span>
    </p>
   </div>
   <div class='ocr_carea' id='block_1_2' title="bbox 116 169 979 2945">
    <p class='ocr_par' dir='ltr' id='par_1_2' title="bbox 116 169 943 311">
     <span class='ocr_line' id='line_1_2' title="bbox 116 169 943 238; baseline 0.001 -13"><span class='ocrx_word' id='word_1_5' title='bbox 116 173 163 226; x_wconf 90' lang='lat' dir='ltr'>Nil</span> <span class='ocrx_word' id='word_1_6' title='bbox 181 171 301 224; x_wconf 90' lang='lat' dir='ltr'>medium</span> <span class='ocrx_word' id='word_1_7' title='bbox 318 176 368 224; x_wconf 91' lang='lat' dir='ltr'>est.</span> <span class='ocrx_word' id='word_1_8' title='bbox 404 171 474 224; x_wconf 85' lang='lat' dir='ltr'>Sunt</span> <span class='ocrx_word' id='word_1_9' title='bbox 491 169 539 238; x_wconf 90' lang='lat' dir='ltr'>qui</span> <span class='ocrx_word' id='word_1_10' title='bbox 556 169 643 223; x_wconf 92' lang='lat' dir='ltr'>nolint</span> <span class='ocrx_word' id='word_1_11' title='bbox 660 169 786 237; x_wconf 84' lang='lat' dir='ltr'>tetigisse</span> <span class='ocrx_word' id='word_1_12' title='bbox 802 171 856 224; x_wconf 82' lang='lat' dir='ltr'>nisi</span> <span class='ocrx_word' id='word_1_13' title='bbox 872 171 943 226; x_wconf 85' lang='lat' dir='ltr'>illas</span> 
     </span>
     <span class='ocr_line' id='line_1_3' title="bbox 116 244 771 311; baseline 0 -13"><span class='ocrx_word' id='word_1_14' title='bbox 116 246 236 310; x_wconf 83' lang='lat' dir='ltr'>Quarum</span> <span class='ocrx_word' id='word_1_15' title='bbox 253 245 367 300; x_wconf 81' lang='lat' dir='ltr'>subsuta</span> <span class='ocrx_word' id='word_1_16' title='bbox 383 245 454 298; x_wconf 87' lang='lat' dir='ltr'>talos</span> <span class='ocrx_word' id='word_1_17' title='bbox 471 247 549 311; x_wconf 85' lang='lat' dir='ltr'>tegat</span> <span class='ocrx_word' id='word_1_18' title='bbox 566 244 662 297; x_wconf 85' lang='lat' dir='ltr'>instita</span> <span class='ocrx_word' id='word_1_19' title='bbox 679 247 771 309; x_wconf 87' lang='lat' dir='ltr'>veste;</span> 
     </span>
    </p>

    <p class='ocr_par' dir='ltr' id='par_1_3' title="bbox 116 318 979 539">
     <span class='ocr_line' id='line_1_4' title="bbox 116 318 979 376; baseline 0.002 -2"><span class='ocrx_word' id='word_1_20' title='bbox 116 321 218 375; x_wconf 80' lang='lat' dir='ltr'>Contra</span> <span class='ocrx_word' id='word_1_21' title='bbox 235 321 303 374; x_wconf 87' lang='lat' dir='ltr'>alius</span> <span class='ocrx_word' id='word_1_22' title='bbox 320 320 422 372; x_wconf 88' lang='lat' dir='ltr'>nullam</span> <span class='ocrx_word' id='word_1_23' title='bbox 438 320 490 372; x_wconf 92' lang='lat' dir='ltr'>nisi</span> <span class='ocrx_word' id='word_1_24' title='bbox 508 319 592 372; x_wconf 91' lang='lat' dir='ltr'>olenti</span> <span class='ocrx_word' id='word_1_25' title='bbox 609 319 638 371; x_wconf 91' lang='lat' dir='ltr'>in</span> <span class='ocrx_word' id='word_1_26' title='bbox 655 318 757 372; x_wconf 83' lang='lat' dir='ltr'>fornice</span> <span class='ocrx_word' id='word_1_27' title='bbox 774 322 907 375; x_wconf 87' lang='lat' dir='ltr'>stantem.</span> <span class='ocrx_word' id='word_1_28' title='bbox 948 337 979 376; x_wconf 85' lang='lat' dir='ltr'>so</span> 
     </span>
     <span class='ocr_line' id='line_1_5' title="bbox 117 393 868 460; baseline -0.001 -11"><span class='ocrx_word' id='word_1_29' title='bbox 117 397 233 460; x_wconf 80' lang='lat' dir='ltr'><strong>Quidam</strong></span> <span class='ocrx_word' id='word_1_30' title='bbox 249 399 330 449; x_wconf 88' lang='lat' dir='ltr'>notus</span> <span class='ocrx_word' id='word_1_31' title='bbox 346 395 427 448; x_wconf 92' lang='lat' dir='ltr'>homo</span> <span class='ocrx_word' id='word_1_32' title='bbox 444 411 505 448; x_wconf 90' lang='lat' dir='ltr'>cum</span> <span class='ocrx_word' id='word_1_33' title='bbox 523 395 611 447; x_wconf 84' lang='lat' dir='ltr'>exiret</span> <span class='ocrx_word' id='word_1_34' title='bbox 628 394 735 460; x_wconf 86' lang='lat' dir='ltr'>fornice,</span> <span class='ocrx_word' id='word_1_35' title='bbox 754 393 868 448; x_wconf 83' lang='lat' dir='ltr'>“Macte</span> 
     </span>
     <span class='ocr_line' id='line_1_6' title="bbox 117 469 789 539; baseline 0.003 -17"><span class='ocrx_word' id='word_1_36' title='bbox 117 470 229 524; x_wconf 80' lang='lat' dir='ltr'><strong>Virtute</strong></span> <span class='ocrx_word' id='word_1_37' title='bbox 247 471 328 537; x_wconf 84' lang='lat' dir='ltr'>est0,&#39;&#39;</span> <span class='ocrx_word' id='word_1_38' title='bbox 346 471 436 539; x_wconf 92' lang='lat' dir='ltr'>inquit</span> <span class='ocrx_word' id='word_1_39' title='bbox 455 470 590 522; x_wconf 87' lang='lat' dir='ltr'>sententia</span> <span class='ocrx_word' id='word_1_40' title='bbox 608 469 653 522; x_wconf 86' lang='lat' dir='ltr'>dia</span> <span class='ocrx_word' id='word_1_41' title='bbox 671 469 789 524; x_wconf 80' lang='lat' dir='ltr'>Catonis.</span> 
     </span>
    </p>

    <p class='ocr_par' dir='ltr' id='par_1_4' title="bbox 116 543 747 601">
     <span class='ocr_line' id='line_1_7' title="bbox 116 543 747 601; baseline -0.005 0"><span class='ocrx_word' id='word_1_42' title='bbox 116 545 143 601; x_wconf 91' lang='lat' dir='ltr'>N</span> <span class='ocrx_word' id='word_1_43' title='bbox 144 563 188 600; x_wconf 85' lang='lat' dir='ltr'>am</span> <span class='ocrx_word' id='word_1_44' title='bbox 206 547 285 600; x_wconf 90' lang='lat' dir='ltr'>simul</span> <span class='ocrx_word' id='word_1_45' title='bbox 303 563 334 600; x_wconf 88' lang='lat' dir='ltr'>ac</span> <span class='ocrx_word' id='word_1_46' title='bbox 352 562 435 600; x_wconf 83' lang='lat' dir='ltr'>venas</span> <span class='ocrx_word' id='word_1_47' title='bbox 452 545 555 598; x_wconf 88' lang='lat' dir='ltr'>inflavit</span> <span class='ocrx_word' id='word_1_48' title='bbox 572 548 646 598; x_wconf 87' lang='lat' dir='ltr'>tetra</span> <span class='ocrx_word' id='word_1_49' title='bbox 662 543 747 598; x_wconf 90' lang='lat' dir='ltr'>libido</span> 
     </span>
    </p>

    <p class='ocr_par' dir='ltr' id='par_1_5' title="bbox 118 613 972 838">
     <span class='ocr_line' id='line_1_8' title="bbox 118 613 885 688; baseline 0 -14"><span class='ocrx_word' id='word_1_50' title='bbox 118 620 181 674; x_wconf 92' lang='lat' dir='ltr'>Huc</span> <span class='ocrx_word' id='word_1_51' title='bbox 194 620 310 688; x_wconf 81' lang='lat' dir='ltr'>juvenes</span> <span class='ocrx_word' id='word_1_52' title='bbox 327 636 443 688; x_wconf 88' lang='lat' dir='ltr'>aequum</span> <span class='ocrx_word' id='word_1_53' title='bbox 458 613 503 672; x_wconf 84' lang='lat' dir='ltr'>est</span> <span class='ocrx_word' id='word_1_54' title='bbox 520 619 694 686; x_wconf 83' lang='lat' dir='ltr'>descendere,</span> <span class='ocrx_word' id='word_1_55' title='bbox 711 636 765 672; x_wconf 93' lang='lat' dir='ltr'>non</span> <span class='ocrx_word' id='word_1_56' title='bbox 783 619 885 674; x_wconf 80' lang='lat' dir='ltr'>alienas</span> 
     </span>
     <span class='ocr_line' id='line_1_9' title="bbox 118 694 972 763; baseline 0 -15"><span class='ocrx_word' id='word_1_57' title='bbox 118 695 271 748; x_wconf 86' lang='lat' dir='ltr'>Permolere</span> <span class='ocrx_word' id='word_1_58' title='bbox 288 711 394 750; x_wconf 83' lang='lat' dir='ltr'>uxores.</span> <span class='ocrx_word' id='word_1_59' title='bbox 428 695 541 747; x_wconf 83' lang='lat' dir='ltr'>“Nolim</span> <span class='ocrx_word' id='word_1_60' title='bbox 559 694 716 760; x_wconf 81' lang='lat' dir='ltr'>laudarier,&#39;&#39;</span> <span class='ocrx_word' id='word_1_61' title='bbox 734 694 829 763; x_wconf 87' lang='lat' dir='ltr'>inquit,</span> <span class='ocrx_word' id='word_1_62' title='bbox 942 713 972 754; x_wconf 68' lang='lat'>35</span> 
     </span>
     <span class='ocr_line' id='line_1_10' title="bbox 118 769 759 838; baseline 0 -14"><span class='ocrx_word' id='word_1_63' title='bbox 118 771 184 824; x_wconf 80' lang='lat' dir='ltr'>“Sic</span> <span class='ocrx_word' id='word_1_64' title='bbox 200 771 267 838; x_wconf 88' lang='lat' dir='ltr'>me,’&#39;</span> <span class='ocrx_word' id='word_1_65' title='bbox 286 771 399 824; x_wconf 88' lang='lat' dir='ltr'>mirator</span> <span class='ocrx_word' id='word_1_66' title='bbox 417 770 495 823; x_wconf 92' lang='lat' dir='ltr'>cunni</span> <span class='ocrx_word' id='word_1_67' title='bbox 515 770 680 836; x_wconf 82' lang='lat' dir='ltr'>Cupiennius</span> <span class='ocrx_word' id='word_1_68' title='bbox 697 769 759 824; x_wconf 83' lang='lat' dir='ltr'>albi.</span> 
     </span>
    </p>

    <p class='ocr_par' dir='ltr' id='par_1_6' title="bbox 118 845 799 913">
     <span class='ocr_line' id='line_1_11' title="bbox 118 845 799 913; baseline -0.001 -14"><span class='ocrx_word' id='word_1_69' title='bbox 118 846 224 900; x_wconf 87' lang='lat' dir='ltr'>Audire</span> <span class='ocrx_word' id='word_1_70' title='bbox 241 849 283 899; x_wconf 88' lang='lat' dir='ltr'>est</span> <span class='ocrx_word' id='word_1_71' title='bbox 300 861 397 913; x_wconf 79' lang='lat' dir='ltr'>operae</span> <span class='ocrx_word' id='word_1_72' title='bbox 415 845 541 913; x_wconf 85' lang='lat' dir='ltr'>pretium,</span> <span class='ocrx_word' id='word_1_73' title='bbox 558 845 706 913; x_wconf 85' lang='lat' dir='ltr'>procedere</span> <span class='ocrx_word' id='word_1_74' title='bbox 725 847 799 898; x_wconf 90' lang='lat' dir='ltr'>recte</span> 
     </span>
    </p>

    <p class='ocr_par' dir='ltr' id='par_1_7' title="bbox 117 920 881 1065">
     <span class='ocr_line' id='line_1_12' title="bbox 118 920 881 988; baseline 0.001 -14"><span class='ocrx_word' id='word_1_75' title='bbox 118 921 171 985; x_wconf 83' lang='lat' dir='ltr'>Qui</span> <span class='ocrx_word' id='word_1_76' title='bbox 188 921 313 974; x_wconf 91' lang='lat' dir='ltr'>moechos</span> <span class='ocrx_word' id='word_1_77' title='bbox 330 937 383 973; x_wconf 91' lang='lat' dir='ltr'>non</span> <span class='ocrx_word' id='word_1_78' title='bbox 401 920 489 986; x_wconf 87' lang='lat' dir='ltr'>vultis,</span> <span class='ocrx_word' id='word_1_79' title='bbox 507 925 539 973; x_wconf 93' lang='lat' dir='ltr'>ut</span> <span class='ocrx_word' id='word_1_80' title='bbox 557 920 630 972; x_wconf 90' lang='lat' dir='ltr'>omni</span> <span class='ocrx_word' id='word_1_81' title='bbox 647 924 726 988; x_wconf 88' lang='lat' dir='ltr'>parte</span> <span class='ocrx_word' id='word_1_82' title='bbox 743 921 881 988; x_wconf 81' lang='lat' dir='ltr'>laborent3</span> 
     </span>
     <span class='ocr_line' id='line_1_13' title="bbox 117 995 788 1065; baseline -0.003 -15"><span class='ocrx_word' id='word_1_83' title='bbox 117 995 212 1065; x_wconf 88' lang='lat' dir='ltr'>thue</span> <span class='ocrx_word' id='word_1_84' title='bbox 229 996 282 1049; x_wconf 90' lang='lat' dir='ltr'>illis</span> <span class='ocrx_word' id='word_1_85' title='bbox 298 996 383 1050; x_wconf 88' lang='lat' dir='ltr'>multo</span> <span class='ocrx_word' id='word_1_86' title='bbox 402 999 529 1064; x_wconf 87' lang='lat' dir='ltr'>corrupta</span> <span class='ocrx_word' id='word_1_87' title='bbox 547 995 639 1050; x_wconf 89' lang='lat' dir='ltr'>dolore</span> <span class='ocrx_word' id='word_1_88' title='bbox 656 996 788 1064; x_wconf 80' lang='lat' dir='ltr'>uoluptas,</span> 
     </span>
    </p>

    <p class='ocr_par' dir='ltr' id='par_1_8' title="bbox 118 1069 972 1217">
     <span class='ocr_line' id='line_1_14' title="bbox 118 1069 972 1141; baseline 0 -17"><span class='ocrx_word' id='word_1_89' title='bbox 118 1074 212 1141; x_wconf 87' lang='lat' dir='ltr'>Atque</span> <span class='ocrx_word' id='word_1_90' title='bbox 230 1071 296 1125; x_wconf 87' lang='lat' dir='ltr'>haec</span> <span class='ocrx_word' id='word_1_91' title='bbox 313 1088 381 1138; x_wconf 82' lang='lat' dir='ltr'>rara,</span> <span class='ocrx_word' id='word_1_92' title='bbox 400 1071 480 1124; x_wconf 87' lang='lat' dir='ltr'>cadat</span> <span class='ocrx_word' id='word_1_93' title='bbox 498 1071 566 1122; x_wconf 89' lang='lat' dir='ltr'>dura</span> <span class='ocrx_word' id='word_1_94' title='bbox 583 1071 656 1124; x_wconf 91' lang='lat' dir='ltr'>inter</span> <span class='ocrx_word' id='word_1_95' title='bbox 674 1087 754 1138; x_wconf 84' lang='lat' dir='ltr'>saepe</span> <span class='ocrx_word' id='word_1_96' title='bbox 771 1069 880 1139; x_wconf 82' lang='lat' dir='ltr'>pericla</span> <span class='ocrx_word' id='word_1_97' title='bbox 944 1089 972 1130; x_wconf 70' lang='grc' dir='ltr'>ιο</span> 
     </span>
     <span class='ocr_line' id='line_1_15' title="bbox 118 1145 809 1217; baseline -0.006 -15"><span class='ocrx_word' id='word_1_98' title='bbox 118 1147 173 1202; x_wconf 87' lang='lat' dir='ltr'>Hic</span> <span class='ocrx_word' id='word_1_99' title='bbox 190 1164 220 1202; x_wconf 91' lang='lat' dir='ltr'>se</span> <span class='ocrx_word' id='word_1_100' title='bbox 237 1148 412 1217; x_wconf 89' lang='lat' dir='ltr'>praeeipitem</span> <span class='ocrx_word' id='word_1_101' title='bbox 429 1149 502 1200; x_wconf 87' lang='lat' dir='ltr'>teoto</span> <span class='ocrx_word' id='word_1_102' title='bbox 520 1145 613 1211; x_wconf 90' lang='lat' dir='ltr'>dedit;</span> <span class='ocrx_word' id='word_1_103' title='bbox 632 1146 678 1199; x_wconf 92' lang='lat' dir='ltr'>ille</span> <span class='ocrx_word' id='word_1_104' title='bbox 696 1146 809 1214; x_wconf 82' lang='lat' dir='ltr'>flagellis</span> 
     </span>
    </p>

    <p class='ocr_par' dir='ltr' id='par_1_9' title="bbox 119 1221 958 1443">
     <span class='ocr_line' id='line_1_16' title="bbox 119 1221 835 1288; baseline -0.003 -12"><span class='ocrx_word' id='word_1_105' title='bbox 119 1223 167 1277; x_wconf 88' lang='lat' dir='ltr'>Ad</span> <span class='ocrx_word' id='word_1_106' title='bbox 183 1230 298 1276; x_wconf 90' lang='lat' dir='ltr'>mortem</span> <span class='ocrx_word' id='word_1_107' title='bbox 316 1239 423 1286; x_wconf 80' lang='lat' dir='ltr'>caesus3</span> <span class='ocrx_word' id='word_1_108' title='bbox 441 1221 547 1288; x_wconf 83' lang='lat' dir='ltr'>lugiens</span> <span class='ocrx_word' id='word_1_109' title='bbox 564 1221 608 1274; x_wconf 93' lang='lat' dir='ltr'>hic</span> <span class='ocrx_word' id='word_1_110' title='bbox 626 1221 729 1274; x_wconf 90' lang='lat' dir='ltr'>decidit</span> <span class='ocrx_word' id='word_1_111' title='bbox 745 1237 835 1274; x_wconf 85' lang='lat' dir='ltr'>acrem</span> 
     </span>
     <span class='ocr_line' id='line_1_17' title="bbox 119 1296 958 1367; baseline 0.002 -17"><span class='ocrx_word' id='word_1_112' title='bbox 119 1298 289 1352; x_wconf 86' lang='lat' dir='ltr'>Praedonum</span> <span class='ocrx_word' id='word_1_113' title='bbox 301 1299 330 1352; x_wconf 92' lang='lat' dir='ltr'>in</span> <span class='ocrx_word' id='word_1_114' title='bbox 340 1298 464 1362; x_wconf 83' lang='lat' dir='ltr'>turbam3</span> <span class='ocrx_word' id='word_1_115' title='bbox 482 1296 560 1349; x_wconf 91' lang='lat' dir='ltr'>dedit</span> <span class='ocrx_word' id='word_1_116' title='bbox 572 1297 616 1349; x_wconf 88' lang='lat' dir='ltr'>hie</span> <span class='ocrx_word' id='word_1_117' title='bbox 627 1313 676 1366; x_wconf 87' lang='lat' dir='ltr'>pro</span> <span class='ocrx_word' id='word_1_118' title='bbox 687 1313 798 1365; x_wconf 90' lang='lat' dir='ltr'>corpore</span> <span class='ocrx_word' id='word_1_119' title='bbox 810 1314 958 1367; x_wconf 81' lang='lat' dir='ltr'>nummos3</span> 
     </span>
     <span class='ocr_line' id='line_1_18' title="bbox 119 1372 827 1443; baseline -0.003 -17"><span class='ocrx_word' id='word_1_120' title='bbox 119 1374 201 1428; x_wconf 85' lang='lat' dir='ltr'>Hune</span> <span class='ocrx_word' id='word_1_121' title='bbox 217 1376 422 1443; x_wconf 76' lang='lat' dir='ltr'>perminxerunt</span> <span class='ocrx_word' id='word_1_122' title='bbox 438 1373 559 1436; x_wconf 81' lang='lat' dir='ltr'>calones3</span> <span class='ocrx_word' id='word_1_123' title='bbox 577 1373 642 1440; x_wconf 89' lang='lat' dir='ltr'>quin</span> <span class='ocrx_word' id='word_1_124' title='bbox 660 1373 743 1426; x_wconf 83' lang='lat' dir='ltr'>etiam</span> <span class='ocrx_word' id='word_1_125' title='bbox 759 1372 827 1425; x_wconf 93' lang='lat' dir='ltr'>illud</span> 
     </span>
    </p>

    <p class='ocr_par' dir='ltr' id='par_1_10' title="bbox 119 1447 972 1590">
     <span class='ocr_line' id='line_1_19' title="bbox 119 1447 972 1519; baseline -0.002 -17"><span class='ocrx_word' id='word_1_126' title='bbox 119 1450 235 1519; x_wconf 87' lang='lat' dir='ltr'>Accidit,</span> <span class='ocrx_word' id='word_1_127' title='bbox 252 1455 284 1503; x_wconf 89' lang='lat' dir='ltr'>ut</span> <span class='ocrx_word' id='word_1_128' title='bbox 302 1449 413 1519; x_wconf 87' lang='lat' dir='ltr'>quidam</span> <span class='ocrx_word' id='word_1_129' title='bbox 430 1451 517 1502; x_wconf 87' lang='lat' dir='ltr'>testes</span> <span class='ocrx_word' id='word_1_130' title='bbox 534 1449 703 1516; x_wconf 86' lang='lat' dir='ltr'>caudamque</span> <span class='ocrx_word' id='word_1_131' title='bbox 721 1447 835 1500; x_wconf 85' lang='lat' dir='ltr'>salacem</span> <span class='ocrx_word' id='word_1_132' title='bbox 946 1466 972 1506; x_wconf 75' lang='lat'>4⁵</span> 
     </span>
     <span class='ocr_line' id='line_1_20' title="bbox 119 1523 849 1590; baseline -0.005 -10"><span class='ocrx_word' id='word_1_133' title='bbox 119 1525 279 1580; x_wconf 86' lang='lat' dir='ltr'>Demeteret</span> <span class='ocrx_word' id='word_1_134' title='bbox 296 1527 374 1580; x_wconf 84' lang='lat' dir='ltr'>ferro.</span> <span class='ocrx_word' id='word_1_135' title='bbox 410 1525 479 1577; x_wconf 88' lang='lat' dir='ltr'>Jure</span> <span class='ocrx_word' id='word_1_136' title='bbox 498 1540 606 1589; x_wconf 88' lang='lat' dir='ltr'>omnes;</span> <span class='ocrx_word' id='word_1_137' title='bbox 625 1524 711 1577; x_wconf 82' lang='lat' dir='ltr'>Galba</span> <span class='ocrx_word' id='word_1_138' title='bbox 727 1523 849 1590; x_wconf 83' lang='lat' dir='ltr'>negabat</span> 
     </span>
    </p>

    <p class='ocr_par' dir='ltr' id='par_1_11' title="bbox 119 1597 823 1743">
     <span class='ocr_line' id='line_1_21' title="bbox 119 1597 823 1670; baseline -0.004 -16"><span class='ocrx_word' id='word_1_139' title='bbox 119 1601 214 1656; x_wconf 78' lang='lat' dir='ltr'>Tutior</span> <span class='ocrx_word' id='word_1_140' title='bbox 230 1606 260 1655; x_wconf 89' lang='lat' dir='ltr'>at</span> <span class='ocrx_word' id='word_1_141' title='bbox 278 1605 378 1670; x_wconf 88' lang='lat' dir='ltr'>quanto</span> <span class='ocrx_word' id='word_1_142' title='bbox 395 1616 472 1653; x_wconf 87' lang='lat' dir='ltr'>merx</span> <span class='ocrx_word' id='word_1_143' title='bbox 490 1600 578 1652; x_wconf 89' lang='lat' dir='ltr'>estin</span> <span class='ocrx_word' id='word_1_144' title='bbox 597 1599 681 1652; x_wconf 88' lang='lat' dir='ltr'>classe</span> <span class='ocrx_word' id='word_1_145' title='bbox 699 1597 823 1665; x_wconf 88' lang='lat' dir='ltr'>secunda,</span> 
     </span>
     <span class='ocr_line' id='line_1_22' title="bbox 120 1675 699 1743; baseline -0.002 -14"><span class='ocrx_word' id='word_1_146' title='bbox 120 1677 320 1732; x_wconf 86' lang='lat' dir='ltr'>Libertinarum</span> <span class='ocrx_word' id='word_1_147' title='bbox 338 1678 405 1743; x_wconf 89' lang='lat' dir='ltr'>dico,</span> <span class='ocrx_word' id='word_1_148' title='bbox 425 1675 569 1730; x_wconf 78' lang='lat' dir='ltr'>Sallustius</span> <span class='ocrx_word' id='word_1_149' title='bbox 586 1675 614 1727; x_wconf 88' lang='lat' dir='ltr'>in</span> <span class='ocrx_word' id='word_1_150' title='bbox 632 1691 699 1743; x_wconf 88' lang='lat' dir='ltr'>quas</span> 
     </span>
    </p>

    <p class='ocr_par' dir='ltr' id='par_1_12' title="bbox 120 1749 973 1969">
     <span class='ocr_line' id='line_1_23' title="bbox 120 1749 935 1819; baseline -0.001 -14"><span class='ocrx_word' id='word_1_151' title='bbox 120 1753 182 1805; x_wconf 92' lang='lat' dir='ltr'>Non</span> <span class='ocrx_word' id='word_1_152' title='bbox 199 1754 288 1805; x_wconf 91' lang='lat' dir='ltr'>minus</span> <span class='ocrx_word' id='word_1_153' title='bbox 305 1753 404 1804; x_wconf 79' lang='lat' dir='ltr'>insanit</span> <span class='ocrx_word' id='word_1_154' title='bbox 422 1767 503 1818; x_wconf 89' lang='lat' dir='ltr'>quam</span> <span class='ocrx_word' id='word_1_155' title='bbox 521 1751 568 1819; x_wconf 87' lang='lat' dir='ltr'>qui</span> <span class='ocrx_word' id='word_1_156' title='bbox 586 1750 749 1804; x_wconf 85' lang='lat' dir='ltr'>moechetur.</span> <span class='ocrx_word' id='word_1_157' title='bbox 785 1751 826 1805; x_wconf 83' lang='lat' dir='ltr'>At</span> <span class='ocrx_word' id='word_1_158' title='bbox 841 1749 888 1804; x_wconf 91' lang='lat' dir='ltr'>hic</span> <span class='ocrx_word' id='word_1_159' title='bbox 907 1752 935 1804; x_wconf 87' lang='lat' dir='ltr'>si</span> 
     </span>
     <span class='ocr_line' id='line_1_24' title="bbox 120 1826 973 1895; baseline 0 -15"><span class='ocrx_word' id='word_1_160' title='bbox 120 1827 180 1890; x_wconf 81' lang='lat' dir='ltr'>Qua</span> <span class='ocrx_word' id='word_1_161' title='bbox 196 1844 248 1895; x_wconf 87' lang='lat' dir='ltr'>res,</span> <span class='ocrx_word' id='word_1_162' title='bbox 266 1844 320 1895; x_wconf 91' lang='lat' dir='ltr'>qua</span> <span class='ocrx_word' id='word_1_163' title='bbox 336 1827 406 1880; x_wconf 85' lang='lat' dir='ltr'>ratio</span> <span class='ocrx_word' id='word_1_164' title='bbox 424 1827 559 1893; x_wconf 83' lang='lat' dir='ltr'>suaderet,</span> <span class='ocrx_word' id='word_1_165' title='bbox 577 1843 684 1894; x_wconf 90' lang='lat' dir='ltr'>quaque</span> <span class='ocrx_word' id='word_1_166' title='bbox 702 1826 824 1879; x_wconf 88' lang='lat' dir='ltr'>modeste</span> <span class='ocrx_word' id='word_1_167' title='bbox 948 1842 973 1882; x_wconf 77' lang='lat' dir='ltr'>to</span> 
     </span>
     <span class='ocr_line' id='line_1_25' title="bbox 120 1900 870 1969; baseline -0.003 -14"><span class='ocrx_word' id='word_1_168' title='bbox 120 1902 248 1955; x_wconf 86' lang='lat' dir='ltr'>Munifioo</span> <span class='ocrx_word' id='word_1_169' title='bbox 266 1919 325 1956; x_wconf 89' lang='lat' dir='ltr'>esse</span> <span class='ocrx_word' id='word_1_170' title='bbox 342 1902 413 1968; x_wconf 92' lang='lat' dir='ltr'>licet,</span> <span class='ocrx_word' id='word_1_171' title='bbox 430 1901 513 1954; x_wconf 86' lang='lat' dir='ltr'>vellet</span> <span class='ocrx_word' id='word_1_172' title='bbox 531 1901 617 1953; x_wconf 88' lang='lat' dir='ltr'>bonus</span> <span class='ocrx_word' id='word_1_173' title='bbox 634 1905 717 1969; x_wconf 86' lang='lat' dir='ltr'>atque</span> <span class='ocrx_word' id='word_1_174' title='bbox 735 1900 870 1968; x_wconf 86' lang='lat' dir='ltr'>benignus</span> 
     </span>
    </p>

    <p class='ocr_par' dir='ltr' id='par_1_13' title="bbox 120 1975 972 2349">
     <span class='ocr_line' id='line_1_26' title="bbox 121 1975 871 2047; baseline -0.003 -17"><span class='ocrx_word' id='word_1_175' title='bbox 121 1978 196 2046; x_wconf 84' lang='lat' dir='ltr'>Esse,</span> <span class='ocrx_word' id='word_1_176' title='bbox 214 1978 293 2032; x_wconf 84' lang='lat' dir='ltr'>daret</span> <span class='ocrx_word' id='word_1_177' title='bbox 310 1981 441 2047; x_wconf 77' lang='lat' dir='ltr'>qirantum</span> <span class='ocrx_word' id='word_1_178' title='bbox 459 1977 526 2029; x_wconf 78' lang='lat' dir='ltr'>satis</span> <span class='ocrx_word' id='word_1_179' title='bbox 543 1980 617 2030; x_wconf 87' lang='lat' dir='ltr'>esset</span> <span class='ocrx_word' id='word_1_180' title='bbox 634 1993 684 2029; x_wconf 91' lang='lat' dir='ltr'>nec</span> <span class='ocrx_word' id='word_1_181' title='bbox 702 1975 753 2028; x_wconf 91' lang='lat' dir='ltr'>sibi</span> <span class='ocrx_word' id='word_1_182' title='bbox 771 1976 871 2028; x_wconf 88' lang='lat' dir='ltr'>damno</span> 
     </span>
     <span class='ocr_line' id='line_1_27' title="bbox 121 2051 935 2122; baseline 0.001 -17"><span class='ocrx_word' id='word_1_183' title='bbox 121 2053 309 2122; x_wconf 89' lang='lat' dir='ltr'>Dedecorique</span> <span class='ocrx_word' id='word_1_184' title='bbox 327 2055 405 2108; x_wconf 86' lang='lat' dir='ltr'>foret.</span> <span class='ocrx_word' id='word_1_185' title='bbox 440 2052 545 2104; x_wconf 89' lang='lat' dir='ltr'>Verum</span> <span class='ocrx_word' id='word_1_186' title='bbox 562 2051 613 2105; x_wconf 90' lang='lat' dir='ltr'>hoo</span> <span class='ocrx_word' id='word_1_187' title='bbox 631 2068 660 2105; x_wconf 92' lang='lat' dir='ltr'>se</span> <span class='ocrx_word' id='word_1_188' title='bbox 677 2052 849 2120; x_wconf 85' lang='lat' dir='ltr'>amplectitur</span> <span class='ocrx_word' id='word_1_189' title='bbox 867 2069 935 2120; x_wconf 92' lang='lat' dir='ltr'>uno,</span> 
     </span>
     <span class='ocr_line' id='line_1_28' title="bbox 122 2127 952 2196; baseline -0.001 -14"><span class='ocrx_word' id='word_1_190' title='bbox 122 2129 182 2183; x_wconf 91' lang='lat' dir='ltr'>Hoc</span> <span class='ocrx_word' id='word_1_191' title='bbox 199 2135 272 2184; x_wconf 85' lang='lat' dir='ltr'>amat</span> <span class='ocrx_word' id='word_1_192' title='bbox 289 2133 319 2184; x_wconf 89' lang='lat' dir='ltr'>et</span> <span class='ocrx_word' id='word_1_193' title='bbox 336 2129 443 2182; x_wconf 87' lang='lat' dir='ltr'>laudat:</span> <span class='ocrx_word' id='word_1_194' title='bbox 463 2127 638 2180; x_wconf 71' lang='lat' dir='ltr'>“Nlatronam</span> <span class='ocrx_word' id='word_1_195' title='bbox 655 2128 756 2180; x_wconf 87' lang='lat' dir='ltr'>nullam</span> <span class='ocrx_word' id='word_1_196' title='bbox 774 2143 824 2194; x_wconf 80' lang='lat' dir='ltr'>ego</span> <span class='ocrx_word' id='word_1_197' title='bbox 841 2129 952 2196; x_wconf 86' lang='lat' dir='ltr'>tang0.”</span> 
     </span>
     <span class='ocr_line' id='line_1_29' title="bbox 120 2202 972 2274; baseline -0.002 -16"><span class='ocrx_word' id='word_1_198' title='bbox 120 2204 161 2260; x_wconf 89' lang='lat' dir='ltr'>Ut</span> <span class='ocrx_word' id='word_1_199' title='bbox 179 2205 314 2274; x_wconf 90' lang='lat' dir='ltr'>quondam</span> <span class='ocrx_word' id='word_1_200' title='bbox 333 2205 479 2269; x_wconf 87' lang='lat' dir='ltr'>Marsaeus,</span> <span class='ocrx_word' id='word_1_201' title='bbox 498 2207 602 2256; x_wconf 85' lang='lat' dir='ltr'>amator</span> <span class='ocrx_word' id='word_1_202' title='bbox 620 2202 737 2270; x_wconf 82' lang='lat' dir='ltr'>Originis</span> <span class='ocrx_word' id='word_1_203' title='bbox 755 2202 807 2268; x_wconf 91' lang='lat' dir='ltr'>ille,</span> <span class='ocrx_word' id='word_1_204' title='bbox 948 2217 972 2256; x_wconf 78' lang='lat'>55</span> 
     </span>
     <span class='ocr_line' id='line_1_30' title="bbox 122 2277 877 2349; baseline -0.005 -17"><span class='ocrx_word' id='word_1_205' title='bbox 122 2281 174 2344; x_wconf 81' lang='lat' dir='ltr'>Qui</span> <span class='ocrx_word' id='word_1_206' title='bbox 191 2280 309 2349; x_wconf 87' lang='lat' dir='ltr'>patrium</span> <span class='ocrx_word' id='word_1_207' title='bbox 327 2279 425 2332; x_wconf 89' lang='lat' dir='ltr'>mimae</span> <span class='ocrx_word' id='word_1_208' title='bbox 443 2279 526 2330; x_wconf 87' lang='lat' dir='ltr'>donat</span> <span class='ocrx_word' id='word_1_209' title='bbox 543 2278 711 2345; x_wconf 89' lang='lat' dir='ltr'>fundumque</span> <span class='ocrx_word' id='word_1_210' title='bbox 728 2277 877 2344; x_wconf 81' lang='lat' dir='ltr'>laremque,</span> 
     </span>
    </p>

    <p class='ocr_par' dir='ltr' id='par_1_14' title="bbox 120 2351 969 2722">
     <span class='ocr_line' id='line_1_31' title="bbox 121 2351 969 2421; baseline -0.005 -13"><span class='ocrx_word' id='word_1_211' title='bbox 121 2355 191 2408; x_wconf 89' lang='lat' dir='ltr'>“Nil</span> <span class='ocrx_word' id='word_1_212' title='bbox 202 2355 285 2408; x_wconf 84' lang='lat' dir='ltr'>fuerit</span> <span class='ocrx_word' id='word_1_213' title='bbox 296 2353 355 2420; x_wconf 84' lang='lat' dir='ltr'>mi,&#39;’</span> <span class='ocrx_word' id='word_1_214' title='bbox 368 2353 465 2421; x_wconf 91' lang='lat' dir='ltr'>inquit,</span> <span class='ocrx_word' id='word_1_215' title='bbox 478 2354 491 2379; x_wconf 76' lang='lat'>‘⁶</span> <span class='ocrx_word' id='word_1_216' title='bbox 499 2370 560 2406; x_wconf 90' lang='lat' dir='ltr'>cum</span> <span class='ocrx_word' id='word_1_217' title='bbox 572 2352 701 2405; x_wconf 72' lang='lat' dir='ltr'>uxoribus</span> <span class='ocrx_word' id='word_1_218' title='bbox 713 2369 833 2420; x_wconf 88' lang='lat' dir='ltr'>unquam</span> <span class='ocrx_word' id='word_1_219' title='bbox 844 2351 969 2405; x_wconf 82' lang='lat' dir='ltr'>alienis.&#39;’</span> 
     </span>
     <span class='ocr_line' id='line_1_32' title="bbox 120 2427 929 2495; baseline -0.006 -10"><span class='ocrx_word' id='word_1_220' title='bbox 120 2432 225 2485; x_wconf 90' lang='lat' dir='ltr'>Verum</span> <span class='ocrx_word' id='word_1_221' title='bbox 243 2433 286 2483; x_wconf 89' lang='lat' dir='ltr'>est</span> <span class='ocrx_word' id='word_1_222' title='bbox 302 2445 363 2482; x_wconf 89' lang='lat' dir='ltr'>cum</span> <span class='ocrx_word' id='word_1_223' title='bbox 381 2429 477 2495; x_wconf 88' lang='lat' dir='ltr'>mimis,</span> <span class='ocrx_word' id='word_1_224' title='bbox 496 2431 539 2482; x_wconf 88' lang='lat' dir='ltr'>est</span> <span class='ocrx_word' id='word_1_225' title='bbox 556 2445 617 2481; x_wconf 91' lang='lat' dir='ltr'>oum</span> <span class='ocrx_word' id='word_1_226' title='bbox 634 2427 831 2493; x_wconf 85' lang='lat' dir='ltr'>meretricibus,</span> <span class='ocrx_word' id='word_1_227' title='bbox 849 2427 929 2480; x_wconf 88' lang='lat' dir='ltr'>unde</span> 
     </span>
     <span class='ocr_line' id='line_1_33' title="bbox 121 2500 958 2572; baseline -0.008 -11"><span class='ocrx_word' id='word_1_228' title='bbox 121 2509 205 2562; x_wconf 86' lang='lat' dir='ltr'>Fama</span> <span class='ocrx_word' id='word_1_229' title='bbox 216 2505 316 2559; x_wconf 87' lang='lat' dir='ltr'>malum</span> <span class='ocrx_word' id='word_1_230' title='bbox 327 2504 436 2572; x_wconf 84' lang='lat' dir='ltr'>gravius</span> <span class='ocrx_word' id='word_1_231' title='bbox 447 2519 528 2572; x_wconf 87' lang='lat' dir='ltr'>quam</span> <span class='ocrx_word' id='word_1_232' title='bbox 540 2520 584 2556; x_wconf 90' lang='lat' dir='ltr'>res</span> <span class='ocrx_word' id='word_1_233' title='bbox 595 2503 688 2557; x_wconf 84' lang='lat' dir='ltr'>trahit.</span> <span class='ocrx_word' id='word_1_234' title='bbox 724 2503 769 2556; x_wconf 89' lang='lat' dir='ltr'>An</span> <span class='ocrx_word' id='word_1_235' title='bbox 780 2501 832 2555; x_wconf 87' lang='lat' dir='ltr'>tibi</span> <span class='ocrx_word' id='word_1_236' title='bbox 843 2500 958 2554; x_wconf 86' lang='lat' dir='ltr'>abunde</span> 
     </span>
     <span class='ocr_line' id='line_1_34' title="bbox 121 2577 969 2647; baseline -0.009 -10"><span class='ocrx_word' id='word_1_237' title='bbox 121 2585 267 2637; x_wconf 85' lang='lat' dir='ltr'>Personam</span> <span class='ocrx_word' id='word_1_238' title='bbox 285 2580 351 2634; x_wconf 87' lang='lat' dir='ltr'>satis</span> <span class='ocrx_word' id='word_1_239' title='bbox 368 2582 418 2647; x_wconf 90' lang='lat' dir='ltr'>est,</span> <span class='ocrx_word' id='word_1_240' title='bbox 435 2595 489 2632; x_wconf 92' lang='lat' dir='ltr'>non</span> <span class='ocrx_word' id='word_1_241' title='bbox 506 2579 574 2632; x_wconf 91' lang='lat' dir='ltr'>illud</span> <span class='ocrx_word' id='word_1_242' title='bbox 592 2577 726 2647; x_wconf 90' lang='lat' dir='ltr'>quidquid</span> <span class='ocrx_word' id='word_1_243' title='bbox 741 2577 844 2646; x_wconf 89' lang='lat' dir='ltr'>ubique</span> <span class='ocrx_word' id='word_1_244' title='bbox 946 2592 969 2630; x_wconf 83' lang='lat' dir='ltr'>aa</span> 
     </span>
     <span class='ocr_line' id='line_1_35' title="bbox 121 2653 780 2722; baseline -0.011 -10"><span class='ocrx_word' id='word_1_245' title='bbox 121 2659 210 2712; x_wconf 87' lang='lat' dir='ltr'>Offieit</span> <span class='ocrx_word' id='word_1_246' title='bbox 227 2657 345 2711; x_wconf 70' lang='lat' dir='ltr'>evitaret</span> <span class='ocrx_word' id='word_1_247' title='bbox 381 2655 486 2707; x_wconf 90' lang='lat' dir='ltr'>Bonam</span> <span class='ocrx_word' id='word_1_248' title='bbox 504 2653 656 2722; x_wconf 88' lang='lat' dir='ltr'>deperdere</span> <span class='ocrx_word' id='word_1_249' title='bbox 673 2654 780 2721; x_wconf 81' lang='lat' dir='ltr'>lamam,</span> 
     </span>
    </p>

    <p class='ocr_par' dir='ltr' id='par_1_15' title="bbox 119 2725 968 2872">
     <span class='ocr_line' id='line_1_36' title="bbox 120 2725 968 2802; baseline -0.009 -16"><span class='ocrx_word' id='word_1_250' title='bbox 120 2734 190 2787; x_wconf 87' lang='lat' dir='ltr'>Rem</span> <span class='ocrx_word' id='word_1_251' title='bbox 201 2732 288 2802; x_wconf 89' lang='lat' dir='ltr'>patris</span> <span class='ocrx_word' id='word_1_252' title='bbox 300 2730 436 2796; x_wconf 90' lang='lat' dir='ltr'>oblimare,</span> <span class='ocrx_word' id='word_1_253' title='bbox 448 2729 549 2781; x_wconf 89' lang='lat' dir='ltr'>malum</span> <span class='ocrx_word' id='word_1_254' title='bbox 561 2733 605 2782; x_wconf 89' lang='lat' dir='ltr'>est</span> <span class='ocrx_word' id='word_1_255' title='bbox 615 2728 777 2796; x_wconf 89' lang='lat' dir='ltr'>ubicunque.</span> <span class='ocrx_word' id='word_1_256' title='bbox 807 2725 882 2792; x_wconf 82' lang='lat' dir='ltr'>Quid</span> <span class='ocrx_word' id='word_1_257' title='bbox 893 2727 968 2779; x_wconf 88' lang='lat' dir='ltr'>inter</span> 
     </span>
     <span class='ocr_line' id='line_1_37' title="bbox 119 2804 757 2872; baseline -0.008 -11"><span class='ocrx_word' id='word_1_258' title='bbox 119 2809 170 2862; x_wconf 85' lang='lat' dir='ltr'>Est</span> <span class='ocrx_word' id='word_1_259' title='bbox 187 2808 216 2860; x_wconf 90' lang='lat' dir='ltr'>iu</span> <span class='ocrx_word' id='word_1_260' title='bbox 233 2809 362 2871; x_wconf 88' lang='lat' dir='ltr'>matrona,</span> <span class='ocrx_word' id='word_1_261' title='bbox 380 2804 482 2871; x_wconf 86' lang='lat' dir='ltr'>ancilla,</span> <span class='ocrx_word' id='word_1_262' title='bbox 500 2819 631 2872; x_wconf 85' lang='lat' dir='ltr'>peccesne</span> <span class='ocrx_word' id='word_1_263' title='bbox 647 2805 757 2870; x_wconf 83' lang='lat' dir='ltr'>togatal</span> 
     </span>
    </p>

    <p class='ocr_par' dir='ltr' id='par_1_16' title="bbox 119 2879 840 2945">
     <span class='ocr_line' id='line_1_38' title="bbox 119 2879 840 2945; baseline -0.008 -9"><span class='ocrx_word' id='word_1_264' title='bbox 119 2882 217 2938; x_wconf 86' lang='lat' dir='ltr'>Villius</span> <span class='ocrx_word' id='word_1_265' title='bbox 235 2882 263 2934; x_wconf 90' lang='lat' dir='ltr'>in</span> <span class='ocrx_word' id='word_1_266' title='bbox 282 2882 384 2934; x_wconf 86' lang='lat' dir='ltr'>Fausta</span> <span class='ocrx_word' id='word_1_267' title='bbox 402 2879 491 2932; x_wconf 83' lang='lat' dir='ltr'>Sullae</span> <span class='ocrx_word' id='word_1_268' title='bbox 509 2895 599 2945; x_wconf 82' lang='lat' dir='ltr'>gener,</span> <span class='ocrx_word' id='word_1_269' title='bbox 618 2879 669 2932; x_wconf 91' lang='lat' dir='ltr'>hoc</span> <span class='ocrx_word' id='word_1_270' title='bbox 686 2879 769 2931; x_wconf 91' lang='lat' dir='ltr'>miser</span> <span class='ocrx_word' id='word_1_271' title='bbox 785 2893 840 2930; x_wconf 91' lang='lat' dir='ltr'>uno</span> 
     </span>
    </p>
   </div>
   <div class='ocr_carea' id='block_1_3' title="bbox 119 2954 991 3164">
    <p class='ocr_par' dir='ltr' id='par_1_17' title="bbox 119 2954 991 3164">
     <span class='ocr_line' id='line_1_39' title="bbox 119 2954 967 3023; baseline -0.004 -16"><span class='ocrx_word' id='word_1_272' title='bbox 119 2955 235 3008; x_wconf 91' lang='lat' dir='ltr'>Nomine</span> <span class='ocrx_word' id='word_1_273' title='bbox 254 2955 392 3022; x_wconf 84' lang='lat' dir='ltr'>deceptus,</span> <span class='ocrx_word' id='word_1_274' title='bbox 410 2969 511 3020; x_wconf 88' lang='lat' dir='ltr'>poenas</span> <span class='ocrx_word' id='word_1_275' title='bbox 528 2954 711 3020; x_wconf 90' lang='lat' dir='ltr'>deditusque</span> <span class='ocrx_word' id='word_1_276' title='bbox 729 2968 864 3023; x_wconf 89' lang='lat' dir='ltr'>superque</span> <span class='ocrx_word' id='word_1_277' title='bbox 944 2963 967 3004; x_wconf 75' lang='lat' dir='ltr'>at</span> 
     </span>
     <span class='ocr_line' id='line_1_40' title="bbox 120 3027 991 3094; baseline -0.001 -15"><span class='ocrx_word' id='word_1_278' title='bbox 120 3028 206 3090; x_wconf 83' lang='lat' dir='ltr'>Quam</span> <span class='ocrx_word' id='word_1_279' title='bbox 224 3028 290 3079; x_wconf 89' lang='lat' dir='ltr'>satis</span> <span class='ocrx_word' id='word_1_280' title='bbox 308 3027 357 3092; x_wconf 86' lang='lat' dir='ltr'>est,</span> <span class='ocrx_word' id='word_1_281' title='bbox 373 3027 471 3092; x_wconf 82' lang='lat' dir='ltr'>pugnis</span> <span class='ocrx_word' id='word_1_282' title='bbox 488 3041 582 3079; x_wconf 85' lang='lat' dir='ltr'>caesus</span> <span class='ocrx_word' id='word_1_283' title='bbox 599 3028 726 3094; x_wconf 81' lang='lat' dir='ltr'>ferroque</span> <span class='ocrx_word' id='word_1_284' title='bbox 743 3027 855 3093; x_wconf 85' lang='lat' dir='ltr'>petitus,</span> <span class='ocrx_word' id='word_1_285' title='bbox 990 3033 991 3036; x_wconf 78' lang='grc'>’</span> 
     </span>
     <span class='ocr_line' id='line_1_41' title="bbox 119 3097 785 3164; baseline 0.005 -14"><span class='ocrx_word' id='word_1_286' title='bbox 119 3099 251 3152; x_wconf 85' lang='lat' dir='ltr'>Exclusus</span> <span class='ocrx_word' id='word_1_287' title='bbox 268 3099 326 3151; x_wconf 83' lang='lat' dir='ltr'>fore</span> <span class='ocrx_word' id='word_1_288' title='bbox 343 3113 404 3149; x_wconf 88' lang='lat' dir='ltr'>cum</span> <span class='ocrx_word' id='word_1_289' title='bbox 423 3097 599 3164; x_wconf 81' lang='lat' dir='ltr'>Longarenus</span> <span class='ocrx_word' id='word_1_290' title='bbox 615 3101 687 3153; x_wconf 81' lang='lat' dir='ltr'>foret</span> <span class='ocrx_word' id='word_1_291' title='bbox 703 3100 785 3154; x_wconf 86' lang='lat' dir='ltr'>intus.</span> 
     </span>
    </p>
   </div>
   <div class='ocr_carea' id='block_1_4' title="bbox 0 0 1010 3416">
    <p class='ocr_par' dir='ltr' id='par_1_18' title="bbox 0 0 1010 3416">
     <span class='ocr_line' id='line_1_42' title="bbox 0 0 1010 3416; baseline 0 0"><span class='ocrx_word' id='word_1_292' title='bbox 0 0 1010 3416; x_wconf 95' lang='lat' dir='ltr'> </span> 
     </span>
    </p>
   </div>
  </div>
 </body>
</html>
