2008 3416
108 69 153 118 11o
376 65 531 118 nonam
548 61 678 115 sunem

107 145 265 202 Transvolet
281 147 310 202 in
326 147 416 200 medio
433 147 522 214 posita
538 148 568 200 et
584 144 716 212 fugientia
733 145 849 215 captat.”
987 145 988 216 ἕ

107 221 218 276 Hiscine
236 222 374 276 versiculis
392 236 486 290 speras
503 219 555 274 tibi
570 231 650 287 posse
668 219 775 274 dolores

107 297 202 366 Atque
219 301 311 350 aestus
329 313 462 364 curasque
478 311 575 363 graves
592 309 608 347 e
625 297 736 362 pectore
753 295 838 364 pellit
936 293 988 357 110}

106 371 205 426 Nonne
222 372 393 440 cupidinibus
411 373 515 424 statuat
532 372 631 423 natura
647 368 759 423 modum
777 385 867 441 quem,

107 446 179 510 Quid
197 447 286 501 latura
303 446 354 499 sibi
372 445 439 514 quid
457 445 493 499 sit
510 444 629 498 dolitura
645 449 782 513 negatum,

107 521 244 585 Quaerere
261 522 322 590 plus
339 521 451 590 prodest
469 523 499 574 et
515 520 596 574 inane
613 519 774 574 abscindere
791 521 892 578 soldoi
987 557 988 560 =

107 595 181 650 Num
198 597 250 650 tibi
267 587 329 650 cum
346 596 436 650 fauces
453 597 509 649 urit
527 596 587 650 sitis
604 613 686 649 aurea
703 596 811 664 quaeris

108 671 223 725 Poculai
241 687 306 724 num
323 671 444 724 esuriens
461 671 568 724 fastidis
586 671 675 724 omnia
691 675 802 739 praeter
931 689 988 740 11⁵J

108 744 243 799 Pavonem
250 745 459 813 rhombumquel
477 746 595 799 Tument
602 745 653 798 tibi
661 762 722 798 cum
730 747 849 814 inguina,
856 763 932 800 num
943 751 971 803 si
987 747 988 796 ἐ

108 819 215 873 Ancilla
232 823 280 872 aut
296 833 380 872 verna
397 824 440 874 est
456 824 567 888 praesto
583 837 652 889 puer
669 821 787 889 impetus
805 821 834 874 in
852 838 946 890 quem
987 855 988 872 2

108 894 242 948 Continuo
260 895 309 948 fiat
326 894 404 947 malis
422 894 556 962 tentigine
573 895 680 963 rumpil
987 935 988 954 J

107 961 169 1015 Non
187 979 253 1030 ego:
270 979 388 1031 namque
404 961 554 1030 parabilem
569 979 630 1016 amo
645 979 771 1017 venerem
785 963 968 1034 facilemque,
987 1001 988 1032 J

108 1036 195 1102 Illam,
208 1037 296 1091 “Post
312 1037 414 1104 paulo,”
431 1037 509 1091 “Sed
526 1037 633 1105 pluris‚’'
647 1037 699 1090 “Si
716 1037 816 1091 exierit
834 1038 901 1106 vir‚”
925 1056 966 1095 rso

108 1111 200 1180 Gallis,
217 1111 286 1166 banc
304 1111 480 1166 Philodemus
497 1112 537 1165 ait
553 1111 605 1164 sibi
623 1128 693 1180 quae
712 1128 801 1180 neque
818 1129 923 1181 magno
987 1177 988 1180 J

108 1187 170 1240 Stet
186 1188 276 1256 pretio
292 1203 381 1255 neque
398 1189 541 1240 cunctetur
557 1203 619 1240 cum
637 1190 679 1241 est
693 1186 771 1254 jussa
784 1189 887 1242 venire.
987 1205 988 1224 ³

107 1261 230 1316 candida
246 1265 377 1330 rectaque
394 1261 446 1327 sit;
462 1261 565 1314 munda
579 1261 710 1314 hactenus
723 1265 756 1314 ut
769 1278 858 1330 neque
874 1263 963 1332 longa
987 1259 988 1274 *

108 1335 134 1388 N
136 1353 166 1390 ec
183 1336 269 1404 magis
286 1336 349 1390 alba
366 1336 433 1390 velit
450 1352 533 1404 quam
550 1335 599 1389 dat
616 1339 715 1389 natura
731 1335 826 1389 rideri

108 1409 185 1464 Haec
202 1410 247 1464 ubi
267 1411 409 1480 supposuit
426 1409 524 1464 dextro
541 1426 640 1480 corpus
657 1411 723 1464 mihi
741 1410 848 1465 laevum
922 1427 962 1468 125
987 1405 988 1448 i

108 1485 160 1538 llia
177 1488 207 1538 et
224 1485 323 1553 Egeria
339 1487 398 1540 est:
416 1485 452 1538 do
470 1500 567 1538 nomen
584 1483 727 1554 quodlibet
744 1485 791 1553 illi,

107 1560 134 1613 N
136 1576 166 1614 ec
182 1577 278 1614 vereor
294 1577 329 1614 ne
346 1559 412 1613 dum
428 1560 506 1614 intuo
522 1559 565 1613 vir
581 1575 646 1613 rure
663 1563 810 1628 recurrat,x

107 1635 126 1688 J
128 1651 198 1688 anua
214 1636 362 1702 frangatur,
380 1635 462 1688 latret
479 1635 560 1702 canis,
579 1634 702 1702 undique
719 1651 816 1702 magno

108 1709 190 1764 Pulsa
207 1711 304 1764 domus
321 1709 440 1777 strepitu
457 1713 574 1776 resonet,
592 1708 729 1778 vepallida
745 1710 817 1764 lecto

107 1783 223 1838 Desiliat
240 1783 344 1849 mulier,
362 1783 488 1836 miseram
505 1800 535 1836 so
552 1785 658 1838 conscia
674 1785 779 1852 clamet,
921 1802 956 1844 ise
987 1773 988 1850 J

109 1859 239 1913 Oruribus
256 1859 324 1910 haec
340 1860 452 1925 metuat,
471 1859 529 1912 doti
547 1859 688 1928 deprensa,
706 1864 814 1928 egomet
832 1862 876 1915 mi
987 1855 988 1926 i

108 1933 247 1988 Discincta
263 1932 357 1986 tunica
372 1932 532 2000 fugiendum
549 1938 592 1988 est
608 1951 640 1988 ae
657 1935 728 2002 pede
744 1935 825 2003 nudo,

108 2010 135 2064 N
137 2026 152 2062 e
169 2009 271 2062 nummi
288 2010 402 2076 pereant
419 2011 467 2062 aut
483 2025 562 2077 puga,
573 2011 621 2064 aut
639 2009 756 2078 denique
772 2011 851 2064 fama
987 2069 988 2078 χ

108 2085 249 2154 Deprendi
266 2084 396 2140 miserum
413 2085 474 2149 est;
492 2082 578 2137 Fabio
595 2083 638 2138 vel
650 2083 746 2152 judice
762 2085 873 2141 vineam.
987 2083 988 2162 J

503 2225 560 2280 III.

108 2305 239 2361 Oumsus
255 2305 307 2360 hoe
325 2305 422 2361 vitium
439 2310 482 2362 est
499 2307 661 2376 cantoribus,
679 2307 752 2364 inter
769 2307 868 2364 amicos

108 2382 149 2436 Ut
165 2397 303 2450 nunquam
319 2381 450 2436 inducant
467 2383 587 2437 animum
604 2387 716 2438 cantare
733 2385 829 2452 rogati,

108 2455 210 2526 Injussi
227 2473 364 2526 nunquam
383 2457 523 2512 desistant
558 2458 661 2512 Sardus
678 2459 799 2514 habebat

107 2531 160 2586 Ille
178 2531 306 2601 Tigellius
323 2532 388 2586 hoc:
406 2531 513 2600 Caesar,
531 2533 578 2602 qui
596 2549 693 2601 cogere
710 2536 811 2602 posset,

108 2607 137 2661 Si
154 2611 262 2676 peteret
279 2624 329 2676 per
345 2607 491 2662 amicitiam
508 2609 594 2675 patris
612 2612 696 2676 atque
713 2625 790 2662 suam
807 2623 860 2662 non
930 2627 944 2667 ε
987 2639 988 2668 J

108 2681 263 2752 Quidquam
280 2682 442 2750 proficeret;
459 2681 482 2736 si
499 2681 664 2737 collibuisset
680 2681 716 2736 ab
733 2699 784 2736 ovo

107 2756 203 2827 Usque
219 2757 256 2812 ad
272 2756 343 2811 mala
360 2757 465 2823 citaret,
484 2756 516 2810 Io
534 2757 655 2810 Bacche!
674 2757 756 2810 modo
773 2772 875 2811 summa

108 2832 190 2898 Voce,
206 2833 287 2886 modo
303 2831 354 2885 hnc
371 2834 481 2886 resonat
497 2831 692 2900 quae'chordis
710 2835 841 2900 quattuor
856 2832 913 2888 ima.
987 2831 988 2922 l

107 2907 155 2961 Nil
172 2907 286 2974 aequale
302 2906 404 2960 homini
420 2907 473 2959 fuit
490 2906 546 2970 illi;
564 2921 645 2974 saepe
663 2907 740 2961 velut
757 2907 805 2976 qui

108 2980 245 3034 Currebat
261 2980 367 3046 fugiens
383 2980 496 3043 hostem,
513 2995 645 3048 persaepe
661 2982 737 3036 velut
754 2983 802 3050 qui
924 2997 945 3036 ro

108 3052 226 3106 lunonis
244 3067 319 3106 saera
335 3053 437 3116 ferret3
454 3051 574 3108 habebat
591 3069 673 3122 saepe
690 3055 829 3120 ducentos
