2008 3416
323 102 538 152 SATIRARUM
555 105 592 156 11.
612 107 634 155 3.
849 103 894 154 137

38 181 233 237 Saturnalibus
251 181 304 236 huc
323 173 421 250 fugisti.
457 183 568 237 Sobrius
586 199 651 251 ergo
881 199 895 241 a

39 256 86 311 Dic
103 258 216 326 aliquid
234 258 347 325 dignum
364 259 515 326 promissis:
534 259 630 326 incipe.
666 257 713 312 Nil
731 263 788 315 ast:

39 332 194 402 Culpantur
211 335 315 386 frustra
332 333 433 399 calmm,
450 335 657 402 immeritusque
674 334 781 389 laborat

38 407 120 462 iratis
138 413 223 463 natus
241 409 332 478 paries
349 409 391 462 dis
408 413 492 478 atque
509 410 606 478 poetis.

39 485 126 553 Atqui
145 485 243 538 multus
260 487 322 538 erat
339 485 425 538 multa
442 489 471 539 et
488 485 627 552 praeclara
644 484 771 538 minantis

38 558 65 611 Si
81 575 203 614 vacuum
221 560 317 629 tepido
334 560 451 628 cepisset
468 561 561 614 villula
578 563 660 614 tecto.
872 577 894 616 n

40 633 176 698 Quorsum
194 635 328 704 pertinuit
345 636 447 704 stipare
466 637 580 690 Platona
598 634 758 701 Menandro,

7 707 8 710 ’
39 707 163 778 Eupolin,
185 711 388 779 Archilochum,
405 712 520 765 comites
537 712 654 766 educere
671 713 783 766 tantosl

40 784 176 840 Invidiam
194 787 303 855 placare
320 803 400 855 paras
417 788 520 842 virtute
537 787 651 841 relicta'l

40 859 223 916 Contemnere
241 863 338 928 miser;
355 864 466 918 utenda
483 867 527 918 est
544 862 668 932 improba
686 862 764 917 Siren

40 933 159 1005 Desidia,
178 940 229 991 ant
247 937 383 1008 quidquid
400 939 458 992 vita
475 939 587 992 meliore
604 938 707 1006 parasti
871 954 893 994 1⁵

7 965 9 1082 i
40 1010 201 1066 Ponendum
218 1029 307 1081 aequo
324 1015 434 1068 animo.''
458 1015 517 1068 “Di
534 1017 571 1080 te,
584 1013 756 1082 Damasippe,
769 1013 891 1082 deaeque

7 1083 9 1126 l
40 1087 141 1142 Verum
160 1088 198 1142 ob
217 1089 357 1142 consilinm
375 1091 479 1144 donent
496 1083 612 1144 tonsore.
648 1089 704 1142 Sed
722 1089 796 1142 unde

41 1163 102 1218 'lam
113 1165 189 1218 bene
200 1181 246 1218 me
257 1165 330 1219 nosti
340 1167 364 1220 l”
387 1167 557 1235 “Postquam
570 1165 656 1218 omnis
665 1180 710 1219 res
719 1181 781 1219 mea
789 1165 808 1219 J
809 1181 890 1219 auum

41 1241 83 1293 hd
100 1241 226 1294 medinm
243 1241 330 1295 fracta
346 1245 390 1295 est
406 1241 494 1296 aliena
510 1241 621 1310 negotia
637 1257 709 1312 curo,

40 1315 177 1371 Excussus
196 1317 322 1386 propriis.
358 1317 430 1370 Olim
447 1333 510 1370 nam
529 1333 660 1386 quaerere
677 1317 808 1383 amabam,
867 1333 891 1371 aa

41 1391 96 1454 Quo
113 1393 194 1446 vafer
210 1392 257 1446 ille
274 1393 358 1461 pedes
375 1393 486 1446 lavisset
505 1393 633 1460 Sisyphus
650 1409 721 1460 aere,

41 1468 109 1531 Quid
128 1469 266 1537 sculptum
284 1469 396 1536 infabre,
415 1469 482 1537 quid
498 1469 589 1521 iusum
607 1468 702 1521 durius
719 1471 792 1523 esset

41 1543 161 1598 Callidus
179 1544 243 1598 huic
260 1545 337 1612 signo
354 1543 487 1614 ponebam
505 1544 589 1597 millia
606 1548 729 1610 centum;

42 1616 142 1674 Hortos
162 1620 342 1689 egregiasque
359 1620 455 1674 domos
473 1619 620 1674 mercarier
637 1635 706 1672 unus

41 1694 105 1750 Sum
123 1696 202 1750 lucro
218 1712 327 1761 noram;
344 1697 418 1750 unde
435 1696 589 1764 frequentia
607 1694 771 1749 Mercuriale
866 1713 890 1752 aa

8 1775 9 1778 ’
43 1769 200 1841 Imposuere
217 1771 284 1824 mihi
301 1787 450 1840 cognomen
468 1771 605 1839 compita?
642 1771 658 1798 “
666 1769 691 1824 N
693 1770 745 1838 ovi,

8 1893 10 1924 ,
42 1846 74 1900 lit
90 1849 177 1901 miror
194 1847 283 1900 morbi
300 1851 446 1916 purgatum
462 1851 492 1901 te
509 1847 588 1901 illius.
624 1847 712 1916 Atqui

8 1929 10 1982 l
43 1922 146 1978 limovit
163 1926 286 1977 veterem
304 1924 371 1977 mire
389 1939 481 1990 novus,
500 1927 532 1976 ut
551 1923 620 1976 solet
637 1923 665 1975 in
684 1937 730 1976 cor

44 1997 163 2068 lrajecto
181 1999 275 2052 lateris
292 1999 383 2052 miseri
400 1999 530 2067 capitisve
547 1998 647 2063 dolore,

43 2074 78 2129 h't
94 2075 263 2142 lethargicus
278 2073 323 2128 hic
340 2091 401 2127 cum
419 2075 452 2128 fit
468 2074 543 2142 pugil
561 2078 591 2127 et
607 2072 742 2127 medicum
760 2077 846 2142 urget.
863 2089 887 2129 ao

44 2149 111 2204 Dum
123 2167 159 2204 ue
172 2149 240 2217 quid
252 2150 339 2202 simile
351 2150 413 2203 huic
426 2153 485 2203 esto
496 2153 528 2202 ut
539 2149 630 2202 libet.‘'
659 2147 704 2200 “O
722 2148 887 2217 bouqueto

44 2224 202 2291 lnrstrere3
219 2225 321 2278 insanis
338 2228 367 2279 et
384 2229 416 2279 tu
434 2225 565 2293 stultique
581 2240 665 2292 prope
683 2240 784 2294 omnes,

10 2333 12 2406 l
44 2301 190 2446 itii-{321⁸
193 2300 759 2444 iulssuiuuruujsstiutut
774 2343 819 2431 n

44 2451 147 2507 Solatus
161 2451 247 2519 jussit
265 2453 415 2520 sapientem
433 2465 545 2519 pascere
562 2449 676 2503 barbam
864 2465 887 2506 as

11 2535 12 2546 ¹
45 2529 134 2597 Atque
151 2544 169 2580 a
186 2526 311 2580 Fabricio
327 2543 381 2579 non
397 2527 507 2580 tristem
526 2528 609 2593 ponte
627 2525 736 2578 reverti.

44 2601 110 2657 llam
127 2602 199 2656 male
215 2619 246 2655 re
263 2606 341 2670 gesta
358 2619 420 2655 cum
437 2601 534 2655 vellem
552 2600 663 2654 mittere
680 2595 775 2666 operto

44 2675 86 2731 Me
103 2677 194 2746 capite
211 2675 240 2728 iu
257 2676 364 2741 fiumen,
382 2675 482 2729 dexter
501 2675 583 2729 stetit
597 2678 634 2741 et,
654 2673 725 2727 Cava
742 2674 813 2727 faxis

44 2751 77 2805 le
94 2752 244 2821 quidquam
260 2751 403 2819 indignum
412 2773 419 2820 ;
437 2751 532 2820 pudor,
545 2749 640 2817 inquit,
653 2751 682 2801 te
698 2748 785 2800 malus
802 2748 885 2816 angit,

45 2826 151 2882 insanos
169 2827 216 2894 qui
233 2827 305 2880 inter
323 2843 433 2880 vereare
450 2827 560 2879 insanus
576 2824 678 2878 haberi.
862 2840 886 2878 so

45 2902 160 2957 Primum
171 2919 235 2955 nam
247 2903 382 2969 inquiram
394 2903 461 2971 quid
474 2903 510 2954 sit
521 2902 628 2954 furere:
646 2899 698 2952 hoc
716 2898 739 2952 si
751 2899 805 2953 erit
816 2898 846 2953 in
857 2902 886 2954 te

45 2979 102 3032 Solo
118 2979 156 3031 nil
173 2978 251 3031 verbi
268 2993 365 3046 pereas
383 2978 449 3046 quin
467 2977 576 3030 fortiter
594 2975 703 3028 addam.

46 3053 126 3116 Quem
142 3053 219 3106 mala·
232 3053 350 3106 stultitia
367 3055 396 3106 et
414 3067 601 3121 quemcunque
618 3050 726 3105 inscitia
743 3051 802 3104 veri

46 3129 155 3183 Caecum
172 3129 238 3195 a'git,
255 3127 380 3181 insanum
399 3127 542 3194 (lluysippi
559 3126 680 3193 porticus
698 3130 727 3180 et
744 3142 812 3194 grex
