2008 3416
131 117 177 166 136
403 113 557 164 HORATII
574 117 704 164 renuet

130 196 186 251 eur
203 196 268 265 eg'et
284 194 412 264 indignus
429 197 572 266 quisquam
589 200 619 250 te
637 197 743 254 divite?
780 199 871 263 Quare

129 271 240 341 Templa
257 275 340 326 ruunt
357 272 470 340 antiqua
487 273 588 326 deumi
625 272 688 337 Cur,
706 273 836 342 improbe,
853 291 943 332 carae

129 346 155 399 N
157 363 191 399 on
209 348 312 415 aliquid
329 349 434 415 patriae
451 351 529 401 tanto
548 349 668 402 emetiris
686 351 801 404 acervcl
958 369 1000 412 los

129 421 184 475 Uni
201 423 326 476 nimirum
345 427 419 477 recte
436 422 487 476 tibi
506 440 615 492 semper
633 427 713 477 erunt
730 441 782 478 res.

129 497 153 550 0
171 514 284 565 magnus
301 499 413 567 posthac
430 497 544 552 inimicis
561 499 648 553 usus!
685 499 792 554 Uteme

129 573 270 627 Adoneus
288 574 384 627 dubios
402 574 470 627 fidet
488 573 540 626 sibi
557 573 675 628 certiusl
712 567 767 627 Hic
784 575 831 644 qui

129 647 256 702 Pluribus
274 649 396 702 adsuerit
413 653 535 704 mentem
552 665 705 718 corpusque
723 650 878 720 superbum,

128 723 175 777 An
192 725 239 793 qui
257 727 399 778 contentus
417 741 500 792 parvo
518 728 697 793 metuensque
714 725 801 779 futuri
955 745 995 787 iro

129 798 163 851 ln
180 815 246 866 pace
263 804 295 853 ut
313 799 420 868 sapiens
438 802 540 869 aptarit
556 800 654 854 idonea
670 800 763 854 belloi

128 873 188 937 Quo
205 875 291 942 magis
308 875 351 928 his
368 876 471 942 credas,
490 893 558 945 puer
574 876 647 929 hunc
664 892 715 943 ego
732 891 832 945 parvus
850 875 982 934 Ofellam

128 949 247 1017 Integris
265 950 360 1018 opibus
378 951 440 1005 novi
457 967 511 1004 non
529 952 611 1005 latius
628 968 708 1005 usum

128 1024 215 1088 Quam
232 1043 303 1080 nuno
320 1027 419 1080 accisis.
455 1027 558 1080 Videas
575 1030 680 1080 metato
697 1027 726 1080 in
744 1027 830 1094 agello

128 1100 196 1154 Cum
213 1118 309 1170 pecore
327 1106 356 1156 et
372 1101 462 1170 gnatis
479 1103 578 1156 fortem
595 1102 722 1156 mercede
739 1103 870 1170 colonum,
950 1121 992 1163 11⁵

127 1175 141 1202 “
149 1177 175 1229 N
176 1194 211 1230 on
229 1179 301 1246 ego,”
313 1183 477 1245 narrantem,
491 1178 618 1232 “temere
635 1177 681 1231 cdi
699 1178 759 1232 luce
776 1179 900 1246 profesta

128 1250 281 1322 Quidquam
298 1257 408 1322 praeter
425 1254 484 1307 olus
501 1253 621 1307 fumosae
639 1269 700 1307 cum
717 1253 789 1322 pede
805 1269 917 1321 pernae.

127 1328 170 1381 Ac
186 1329 252 1382 mihi
270 1346 319 1383 seu
335 1329 445 1398 longum
462 1332 525 1397 post
542 1332 650 1396 tempus
667 1333 781 1382 venerat
798 1327 905 1398 hospes,

127 1402 189 1458 Sive
207 1421 318 1473 operum
335 1422 418 1459 vocuo
435 1409 530 1472 gratus
548 1405 659 1458 conviva
676 1401 729 1472 per¹
742 1403 858 1458 imbrem

126 1477 244 1546 Vicinus,
263 1479 333 1534 bene
351 1484 410 1534 erat
428 1497 481 1533 non
498 1479 617 1548 piscibus
634 1479 703 1532 urbe
720 1480 823 1548 petitis,
947 1497 988 1540 mo

126 1555 181 1608 Sed
197 1555 271 1625 pullo
288 1560 371 1625 atquc
389 1556 491 1621 haed03
508 1559 567 1608 tum
584 1555 696 1624 pensilis
713 1572 766 1609 uva
783 1553 919 1610 secundas
946 1593 950 1598 =

126 1630 162 1684 ut
179 1648 235 1684 nux
252 1632 365 1686 ornabat
383 1648 489 1684 mensas
506 1647 567 1684 cum
586 1629 693 1698 duplice
710 1631 770 1685 ficu

126 1706 192 1760 Post
209 1707 260 1760 hoo
277 1707 357 1760 ludus
375 1707 531 1774 erat.culpa
547 1709 643 1774 potare
661 1705 800 1774 magistra,

126 1782 168 1834 Ac
185 1785 313 1834 venerata
331 1781 414 1834 Ocres
431 1782 471 1834 ita
488 1781 577 1834 culmo
594 1785 720 1848 surgeret
736 1781 799 1848 uto,

125 1854 261 1921 Explicuit
278 1855 339 1908 vino
357 1859 511 1910 contractae
528 1857 600 1910 seria
616 1857 721 1911 frontis.
945 1875 985 1916 125

125 1931 232 1984 Saeviet
249 1933 332 1998 atque
349 1947 431 1984 novos
449 1936 557 1986 moveat
575 1933 697 1986 Fortuna
715 1929 854 1998 tumultus,

124 2007 261 2071 Quantum
269 2007 331 2060 hino
340 2006 499 2060 imminuet?
516 2007 623 2071 Quanto
630 2011 677 2061 aut
684 2023 735 2074 ego
742 2007 850 2074 parcius
858 2009 910 2062 aut
917 2025 983 2080 vos,

124 2081 147 2135 Ο
165 2083 250 2152 pueri,
267 2083 387 2136 nituistis
404 2086 436 2136 ut
453 2082 505 2135 huc
522 2098 607 2136 novus
624 2082 712 2135 incola
728 2081 822 2136 reniti

122 2157 149 2210 N
150 2174 194 2211 am
210 2160 335 2227 propriae
353 2159 459 2212 telluris
477 2158 573 2211 herum
590 2161 688 2212 natura
705 2174 796 2226 neque
811 2147 899 2213 illumi

122 2233 149 2285 N
150 2249 181 2286 ec
197 2249 241 2286 mc
257 2251 307 2287 neo
324 2250 487 2302 quemquam
506 2233 616 2287 statuit:
634 2249 683 2287 nos
701 2233 805 2300 expulit
821 2233 884 2300 illc;
943 2251 983 2292 leo

123 2307 204 2360 Illum
221 2311 269 2361 aut
285 2309 421 2375 nequities
438 2313 486 2362 aut
502 2309 572 2362 vafri
589 2309 696 2362 inscitia
708 2309 789 2377 juris,

122 2381 293 2438 Postremum
311 2382 431 2450 expellet
448 2386 523 2436 certe
540 2384 657 2438 vivacior
674 2384 763 2438 heres.

121 2458 147 2511 N
148 2474 200 2512 unc
216 2475 282 2526 ager
300 2457 433 2512 Umbreni
451 2459 502 2512 sub
518 2459 634 2528 nomine,
651 2476 739 2528 nuper
757 2459 861 2513 Ofellae

120 2530 223 2603 Dictus,
242 2534 295 2587 erit
312 2532 379 2586 nulli
396 2534 528 2602 proprius,
548 2535 598 2588 sed
615 2535 695 2588 cedet
712 2535 740 2587 in
757 2551 837 2588 usum

119 2609 146 2662 N
148 2626 200 2664 uno
217 2609 284 2664 mihi
301 2625 372 2662 nunc
390 2609 442 2663 clii.
479 2610 610 2674 Quocirca
627 2610 709 2664 vivite
726 2609 812 2662 fortes
939 2626 979 2669 13⁵

119 2683 267 2754 Fortiaque
284 2685 405 2739 adversis
423 2686 552 2754 opponite
569 2689 681 2754 pectora
697 2684 801 2740 rebus.”

515 2819 573 2875 Ill.

118 2903 186 2958 “sro
203 2921 265 2958 raro
282 2907 385 2976 acribia,
402 2911 434 2962 ut
451 2911 510 2962 toto
527 2925 581 2962 uon
599 2913 697 2978 quater
713 2925 811 2964 annot

118 2977 304 3033 Membranam
321 2999 422 3050 poscas,
441 2985 603 3052 scriptorum
621 3002 746 3053 quaeque
762 2989 901 3058 retexens,
950 3015 956 3026 =

118 3049 210 3102 Iratus
228 3053 279 3104 tibi
297 3056 371 3120 quod
388 3057 444 3108 vini
463 3059 602 3125 somnique
620 3058 755 3127 benignus

118 3121 165 3174 Nil
183 3123 294 3190 dignum
311 3131 433 3182 sermone
451 3145 537 3184 canas.
572 3133 646 3196 Quid
663 3135 730 3189 fieti
764 3138 807 3190 At
822 3135 892 3206 ipsis
