<?xml version="1.0" encoding="UTF-8"?>
<!DOCTYPE html PUBLIC "-//W3C//DTD XHTML 1.0 Transitional//EN"
    "http://www.w3.org/TR/xhtml1/DTD/xhtml1-transitional.dtd">
<html xmlns="http://www.w3.org/1999/xhtml" xml:lang="en" lang="en">
 <head>
  <title>
</title>
<meta http-equiv="Content-Type" content="text/html;charset=utf-8" />
  <meta name='ocr-system' content='tesseract 3.04.00' />
  <meta name='ocr-capabilities' content='ocr_page ocr_carea ocr_par ocr_line ocrx_word'/>
</head>
<body>
  <div class='ocr_page' id='page_1' title='image "./quintihoratiifl01maclgoog_0193.png"; bbox 0 0 2044 3416; ppageno 0'>
   <div class='ocr_carea' id='block_1_1' title="bbox 113 119 691 174">
    <p class='ocr_par' dir='ltr' id='par_1_1' title="bbox 113 119 691 174">
     <span class='ocr_line' id='line_1_1' title="bbox 113 119 691 174; baseline -0.009 -1"><span class='ocrx_word' id='word_1_1' title='bbox 113 127 159 174; x_wconf 80' lang='lat'><strong>180</strong></span> <span class='ocrx_word' id='word_1_2' title='bbox 391 121 545 172; x_wconf 84' lang='lat' dir='ltr'><strong>HORATII</strong></span> <span class='ocrx_word' id='word_1_3' title='bbox 562 119 691 168; x_wconf 78' lang='lat' dir='ltr'><strong>FLADCI</strong></span> 
     </span>
    </p>
   </div>
   <div class='ocr_carea' id='block_1_2' title="bbox 111 197 964 2006">
    <p class='ocr_par' dir='ltr' id='par_1_2' title="bbox 111 197 963 572">
     <span class='ocr_line' id='line_1_2' title="bbox 112 197 962 270; baseline -0.005 -12"><span class='ocrx_word' id='word_1_4' title='bbox 112 204 167 258; x_wconf 91' lang='lat' dir='ltr'><strong>Hic</strong></span> <span class='ocrx_word' id='word_1_5' title='bbox 179 206 222 258; x_wconf 92' lang='lat' dir='ltr'><strong>est</strong></span> <span class='ocrx_word' id='word_1_6' title='bbox 233 206 282 257; x_wconf 89' lang='lat' dir='ltr'><strong>aut</strong></span> <span class='ocrx_word' id='word_1_7' title='bbox 293 218 427 270; x_wconf 82' lang='lat' dir='ltr'><strong>nusquam</strong></span> <span class='ocrx_word' id='word_1_8' title='bbox 439 201 514 270; x_wconf 88' lang='lat' dir='ltr'><strong>quod</strong></span> <span class='ocrx_word' id='word_1_9' title='bbox 523 200 686 270; x_wconf 78' lang='lat' dir='ltr'><strong>quaerimus.</strong></span> <span class='ocrx_word' id='word_1_10' title='bbox 708 199 763 253; x_wconf 89' lang='lat' dir='ltr'><strong>Hic</strong></span> <span class='ocrx_word' id='word_1_11' title='bbox 774 214 843 253; x_wconf 89' lang='lat' dir='ltr'><strong>onus</strong></span> <span class='ocrx_word' id='word_1_12' title='bbox 854 197 962 264; x_wconf 81' lang='lat' dir='ltr'><strong>horret,</strong></span> 
     </span>
     <span class='ocr_line' id='line_1_3' title="bbox 111 275 963 347; baseline -0.006 -14"><span class='ocrx_word' id='word_1_13' title='bbox 111 279 153 333; x_wconf 91' lang='lat' dir='ltr'><strong>Ut</strong></span> <span class='ocrx_word' id='word_1_14' title='bbox 169 279 260 347; x_wconf 87' lang='lat' dir='ltr'><strong>parvis</strong></span> <span class='ocrx_word' id='word_1_15' title='bbox 278 278 375 331; x_wconf 89' lang='lat' dir='ltr'><strong>animis</strong></span> <span class='ocrx_word' id='word_1_16' title='bbox 393 281 422 331; x_wconf 88' lang='lat' dir='ltr'><strong>et</strong></span> <span class='ocrx_word' id='word_1_17' title='bbox 439 290 524 346; x_wconf 79' lang='lat' dir='ltr'><strong>perro</strong></span> <span class='ocrx_word' id='word_1_18' title='bbox 541 291 654 344; x_wconf 87' lang='lat' dir='ltr'><strong>corpore</strong></span> <span class='ocrx_word' id='word_1_19' title='bbox 671 275 774 342; x_wconf 89' lang='lat' dir='ltr'><strong>majus:</strong></span> <span class='ocrx_word' id='word_1_20' title='bbox 938 291 963 329; x_wconf 74' lang='lat' dir='ltr'><strong>so</strong></span> 
     </span>
     <span class='ocr_line' id='line_1_4' title="bbox 112 350 919 422; baseline -0.006 -13"><span class='ocrx_word' id='word_1_21' title='bbox 112 355 168 409; x_wconf 91' lang='lat' dir='ltr'><strong>Hic</strong></span> <span class='ocrx_word' id='word_1_22' title='bbox 185 354 259 408; x_wconf 80' lang='lat' dir='ltr'><strong>subIt</strong></span> <span class='ocrx_word' id='word_1_23' title='bbox 277 357 306 407; x_wconf 87' lang='lat' dir='ltr'><strong>ct</strong></span> <span class='ocrx_word' id='word_1_24' title='bbox 323 353 434 422; x_wconf 79' lang='lat' dir='ltr'><strong>perfert.</strong></span> <span class='ocrx_word' id='word_1_25' title='bbox 470 354 530 408; x_wconf 87' lang='lat' dir='ltr'><strong>Aut</strong></span> <span class='ocrx_word' id='word_1_26' title='bbox 547 352 634 406; x_wconf 86' lang='lat' dir='ltr'><strong>virtus</strong></span> <span class='ocrx_word' id='word_1_27' title='bbox 651 367 750 404; x_wconf 93' lang='lat' dir='ltr'><strong>nomen</strong></span> <span class='ocrx_word' id='word_1_28' title='bbox 767 350 848 403; x_wconf 84' lang='lat' dir='ltr'><strong>inane</strong></span> <span class='ocrx_word' id='word_1_29' title='bbox 867 354 919 418; x_wconf 88' lang='lat' dir='ltr'><strong>est,</strong></span> 
     </span>
     <span class='ocr_line' id='line_1_5' title="bbox 113 425 868 497; baseline -0.005 -13"><span class='ocrx_word' id='word_1_30' title='bbox 113 433 173 484; x_wconf 89' lang='lat' dir='ltr'><strong>Aut</strong></span> <span class='ocrx_word' id='word_1_31' title='bbox 190 431 273 484; x_wconf 90' lang='lat' dir='ltr'><strong>decus</strong></span> <span class='ocrx_word' id='word_1_32' title='bbox 290 433 320 483; x_wconf 90' lang='lat' dir='ltr'><strong>et</strong></span> <span class='ocrx_word' id='word_1_33' title='bbox 336 429 456 497; x_wconf 87' lang='lat' dir='ltr'><strong>pretium</strong></span> <span class='ocrx_word' id='word_1_34' title='bbox 473 431 549 481; x_wconf 88' lang='lat' dir='ltr'><strong>recte</strong></span> <span class='ocrx_word' id='word_1_35' title='bbox 567 427 639 495; x_wconf 85' lang='lat' dir='ltr'><strong>petit</strong></span> <span class='ocrx_word' id='word_1_36' title='bbox 657 425 801 494; x_wconf 82' lang='lat' dir='ltr'><strong>experiens</strong></span> <span class='ocrx_word' id='word_1_37' title='bbox 818 427 868 480; x_wconf 82' lang='lat' dir='ltr'><strong>vir.</strong></span> 
     </span>
     <span class='ocr_line' id='line_1_6' title="bbox 113 504 734 572; baseline -0.008 -13"><span class='ocrx_word' id='word_1_38' title='bbox 113 506 211 559; x_wconf 84' lang='lat' dir='ltr'><strong>Coram</strong></span> <span class='ocrx_word' id='word_1_39' title='bbox 228 521 294 572; x_wconf 86' lang='lat' dir='ltr'><strong>rege</strong></span> <span class='ocrx_word' id='word_1_40' title='bbox 311 521 359 558; x_wconf 90' lang='lat' dir='ltr'><strong>suo</strong></span> <span class='ocrx_word' id='word_1_41' title='bbox 378 505 412 558; x_wconf 92' lang='lat' dir='ltr'><strong>de</strong></span> <span class='ocrx_word' id='word_1_42' title='bbox 430 506 592 572; x_wconf 84' lang='lat' dir='ltr'><strong>paupertate</strong></span> <span class='ocrx_word' id='word_1_43' title='bbox 609 504 734 556; x_wconf 78' lang='lat' dir='ltr'>tacentes</span> 
     </span>
    </p>

    <p class='ocr_par' dir='ltr' id='par_1_3' title="bbox 113 576 853 650">
     <span class='ocr_line' id='line_1_7' title="bbox 113 576 853 650; baseline -0.007 -15"><span class='ocrx_word' id='word_1_44' title='bbox 113 580 179 635; x_wconf 90' lang='lat' dir='ltr'><strong>Plus</strong></span> <span class='ocrx_word' id='word_1_45' title='bbox 196 584 325 650; x_wconf 87' lang='lat' dir='ltr'><strong>poscente</strong></span> <span class='ocrx_word' id='word_1_46' title='bbox 342 579 447 644; x_wconf 87' lang='lat' dir='ltr'><strong>ferent;</strong></span> <span class='ocrx_word' id='word_1_47' title='bbox 467 579 553 632; x_wconf 83' lang='lat' dir='ltr'><strong>distet</strong></span> <span class='ocrx_word' id='word_1_48' title='bbox 571 593 698 632; x_wconf 76' lang='lat' dir='ltr'>sumasne</span> <span class='ocrx_word' id='word_1_49' title='bbox 714 576 853 645; x_wconf 87' lang='lat' dir='ltr'><strong>pudenter</strong></span> 
     </span>
    </p>

    <p class='ocr_par' dir='ltr' id='par_1_4' title="bbox 113 648 964 797">
     <span class='ocr_line' id='line_1_8' title="bbox 113 648 964 725; baseline -0.004 -15"><span class='ocrx_word' id='word_1_50' title='bbox 113 658 159 710; x_wconf 88' lang='lat' dir='ltr'><strong>An</strong></span> <span class='ocrx_word' id='word_1_51' title='bbox 177 657 273 725; x_wconf 88' lang='lat' dir='ltr'><strong>rapias.</strong></span> <span class='ocrx_word' id='word_1_52' title='bbox 310 655 397 724; x_wconf 83' lang='lat' dir='ltr'><strong>Atqui</strong></span> <span class='ocrx_word' id='word_1_53' title='bbox 415 648 510 708; x_wconf 87' lang='lat' dir='ltr'><strong>rerum</strong></span> <span class='ocrx_word' id='word_1_54' title='bbox 525 657 606 720; x_wconf 88' lang='lat' dir='ltr'><strong>caput</strong></span> <span class='ocrx_word' id='word_1_55' title='bbox 623 653 674 706; x_wconf 87' lang='lat' dir='ltr'><strong>hoo</strong></span> <span class='ocrx_word' id='word_1_56' title='bbox 691 656 757 721; x_wconf 70' lang='lat' dir='ltr'><strong>erat</strong></span> <span class='ocrx_word' id='word_1_57' title='bbox 775 652 820 706; x_wconf 85' lang='lat' dir='ltr'><strong>hic</strong></span> <span class='ocrx_word' id='word_1_58' title='bbox 837 653 906 706; x_wconf 78' lang='lat' dir='ltr'><strong>fons</strong></span> <span class='ocrx_word' id='word_1_59' title='bbox 938 667 964 708; x_wconf 75' lang='lat'><strong>45</strong></span> 
     </span>
     <span class='ocr_line' id='line_1_9' title="bbox 113 728 812 797; baseline -0.004 -13"><span class='ocrx_word' id='word_1_60' title='bbox 113 731 129 758; x_wconf 91' lang='lat'><strong>“</strong></span> <span class='ocrx_word' id='word_1_61' title='bbox 137 731 266 784; x_wconf 83' lang='lat' dir='ltr'><strong>indotata</strong></span> <span class='ocrx_word' id='word_1_62' title='bbox 284 730 351 783; x_wconf 91' lang='lat' dir='ltr'><strong>mihi</strong></span> <span class='ocrx_word' id='word_1_63' title='bbox 369 746 446 783; x_wconf 87' lang='lat' dir='ltr'><strong>soror</strong></span> <span class='ocrx_word' id='word_1_64' title='bbox 463 732 514 796; x_wconf 87' lang='lat' dir='ltr'><strong>est,</strong></span> <span class='ocrx_word' id='word_1_65' title='bbox 532 728 699 797; x_wconf 85' lang='lat' dir='ltr'><strong>paupercula</strong></span> <span class='ocrx_word' id='word_1_66' title='bbox 715 731 812 796; x_wconf 84' lang='lat' dir='ltr'><strong>meter,</strong></span> 
     </span>
    </p>

    <p class='ocr_par' dir='ltr' id='par_1_5' title="bbox 113 803 829 872">
     <span class='ocr_line' id='line_1_10' title="bbox 113 803 829 872; baseline -0.004 -13"><span class='ocrx_word' id='word_1_67' title='bbox 113 806 150 860; x_wconf 83' lang='lat' dir='ltr'><strong>Et</strong></span> <span class='ocrx_word' id='word_1_68' title='bbox 167 806 268 858; x_wconf 82' lang='lat' dir='ltr'><strong>fundus</strong></span> <span class='ocrx_word' id='word_1_69' title='bbox 287 822 336 858; x_wconf 88' lang='lat' dir='ltr'><strong>nec</strong></span> <span class='ocrx_word' id='word_1_70' title='bbox 353 804 498 859; x_wconf 84' lang='lat' dir='ltr'><strong>vendibilis</strong></span> <span class='ocrx_word' id='word_1_71' title='bbox 515 821 566 858; x_wconf 89' lang='lat' dir='ltr'><strong>nec</strong></span> <span class='ocrx_word' id='word_1_72' title='bbox 583 819 694 872; x_wconf 88' lang='lat' dir='ltr'><strong>pascere</strong></span> <span class='ocrx_word' id='word_1_73' title='bbox 713 803 829 872; x_wconf 80' lang='lat' dir='ltr'><strong>firmus,”</strong></span> 
     </span>
    </p>

    <p class='ocr_par' dir='ltr' id='par_1_6' title="bbox 114 879 901 1023">
     <span class='ocr_line' id='line_1_11' title="bbox 114 879 901 947; baseline -0.001 -12"><span class='ocrx_word' id='word_1_74' title='bbox 114 882 167 946; x_wconf 82' lang='lat' dir='ltr'><strong>Qui</strong></span> <span class='ocrx_word' id='word_1_75' title='bbox 185 881 259 947; x_wconf 87' lang='lat' dir='ltr'><strong>dicit,</strong></span> <span class='ocrx_word' id='word_1_76' title='bbox 279 881 384 946; x_wconf 85' lang='lat' dir='ltr'><strong>clamat,</strong></span> <span class='ocrx_word' id='word_1_77' title='bbox 405 880 536 934; x_wconf 86' lang='lat' dir='ltr'><strong>“Victum</strong></span> <span class='ocrx_word' id='word_1_78' title='bbox 555 879 643 933; x_wconf 89' lang='lat' dir='ltr'><strong>date.’&#39;</strong></span> <span class='ocrx_word' id='word_1_79' title='bbox 662 879 799 933; x_wconf 83' lang='lat' dir='ltr'><strong>.Succinit</strong></span> <span class='ocrx_word' id='word_1_80' title='bbox 816 879 901 935; x_wconf 83' lang='lat' dir='ltr'><strong>alter:</strong></span> 
     </span>
     <span class='ocr_line' id='line_1_12' title="bbox 114 954 800 1023; baseline -0.001 -13"><span class='ocrx_word' id='word_1_81' title='bbox 114 958 173 1010; x_wconf 85' lang='lat' dir='ltr'><strong>“llt</strong></span> <span class='ocrx_word' id='word_1_82' title='bbox 191 957 259 1011; x_wconf 92' lang='lat' dir='ltr'><strong>mihi</strong></span> <span class='ocrx_word' id='word_1_83' title='bbox 277 956 390 1010; x_wconf 85' lang='lat' dir='ltr'><strong>dividuo</strong></span> <span class='ocrx_word' id='word_1_84' title='bbox 407 957 528 1010; x_wconf 85' lang='lat' dir='ltr'><strong>findetur</strong></span> <span class='ocrx_word' id='word_1_85' title='bbox 544 972 657 1009; x_wconf 90' lang='lat' dir='ltr'><strong>munere</strong></span> <span class='ocrx_word' id='word_1_86' title='bbox 675 954 800 1023; x_wconf 81' lang='lat' dir='ltr'><strong>qnadra&#39;&#39;</strong></span> 
     </span>
    </p>

    <p class='ocr_par' dir='ltr' id='par_1_7' title="bbox 113 1030 962 1555">
     <span class='ocr_line' id='line_1_13' title="bbox 113 1030 962 1101; baseline -0.002 -15"><span class='ocrx_word' id='word_1_87' title='bbox 113 1033 170 1087; x_wconf 85' lang='lat' dir='ltr'><strong>Sed</strong></span> <span class='ocrx_word' id='word_1_88' title='bbox 187 1033 286 1087; x_wconf 84' lang='lat' dir='ltr'><strong>tacitus</strong></span> <span class='ocrx_word' id='word_1_89' title='bbox 303 1032 378 1101; x_wconf 84' lang='lat' dir='ltr'><strong>posci</strong></span> <span class='ocrx_word' id='word_1_90' title='bbox 397 1032 420 1085; x_wconf 91' lang='lat' dir='ltr'><strong>si</strong></span> <span class='ocrx_word' id='word_1_91' title='bbox 437 1035 530 1100; x_wconf 90' lang='lat' dir='ltr'><strong>posset</strong></span> <span class='ocrx_word' id='word_1_92' title='bbox 548 1047 644 1084; x_wconf 89' lang='lat' dir='ltr'><strong>corvus</strong></span> <span class='ocrx_word' id='word_1_93' title='bbox 661 1030 778 1085; x_wconf 89' lang='lat' dir='ltr'><strong>haberet</strong></span> <span class='ocrx_word' id='word_1_94' title='bbox 936 1044 962 1084; x_wconf 82' lang='lat' dir='ltr'><strong>to</strong></span> 
     </span>
     <span class='ocr_line' id='line_1_14' title="bbox 114 1105 835 1178; baseline -0.003 -17"><span class='ocrx_word' id='word_1_95' title='bbox 114 1107 180 1162; x_wconf 92' lang='lat' dir='ltr'><strong>Plus</strong></span> <span class='ocrx_word' id='word_1_96' title='bbox 197 1109 276 1178; x_wconf 81' lang='lat' dir='ltr'><strong>(lepis</strong></span> <span class='ocrx_word' id='word_1_97' title='bbox 293 1111 323 1162; x_wconf 89' lang='lat' dir='ltr'><strong>et</strong></span> <span class='ocrx_word' id='word_1_98' title='bbox 339 1109 415 1161; x_wconf 84' lang='lat' dir='ltr'><strong>rixas</strong></span> <span class='ocrx_word' id='word_1_99' title='bbox 433 1107 520 1160; x_wconf 88' lang='lat' dir='ltr'><strong>multo</strong></span> <span class='ocrx_word' id='word_1_100' title='bbox 538 1107 627 1158; x_wconf 87' lang='lat' dir='ltr'><strong>minus</strong></span> <span class='ocrx_word' id='word_1_101' title='bbox 644 1105 835 1174; x_wconf 85' lang='lat' dir='ltr'><strong>invidiaeque..</strong></span> 
     </span>
     <span class='ocr_line' id='line_1_15' title="bbox 114 1180 926 1248; baseline -0.007 -10"><span class='ocrx_word' id='word_1_102' title='bbox 114 1183 289 1238; x_wconf 83' lang='lat' dir='ltr'><strong>Brundisium</strong></span> <span class='ocrx_word' id='word_1_103' title='bbox 307 1200 397 1237; x_wconf 87' lang='lat' dir='ltr'><strong>comes</strong></span> <span class='ocrx_word' id='word_1_104' title='bbox 414 1187 463 1236; x_wconf 86' lang='lat' dir='ltr'><strong>aut</strong></span> <span class='ocrx_word' id='word_1_105' title='bbox 480 1182 641 1236; x_wconf 82' lang='lat' dir='ltr'><strong>Surrentum</strong></span> <span class='ocrx_word' id='word_1_106' title='bbox 660 1180 758 1235; x_wconf 88' lang='lat' dir='ltr'><strong>ductus</strong></span> <span class='ocrx_word' id='word_1_107' title='bbox 776 1197 926 1248; x_wconf 87' lang='lat' dir='ltr'><strong>amoenum,</strong></span> 
     </span>
     <span class='ocr_line' id='line_1_16' title="bbox 115 1255 919 1328; baseline -0.006 -15"><span class='ocrx_word' id='word_1_108' title='bbox 115 1261 167 1324; x_wconf 80' lang='lat' dir='ltr'><strong>Qui</strong></span> <span class='ocrx_word' id='word_1_109' title='bbox 186 1260 311 1328; x_wconf 79' lang='lat' dir='ltr'><strong>queritur</strong></span> <span class='ocrx_word' id='word_1_110' title='bbox 329 1258 448 1312; x_wconf 87' lang='lat' dir='ltr'><strong>salebras</strong></span> <span class='ocrx_word' id='word_1_111' title='bbox 466 1261 496 1311; x_wconf 89' lang='lat' dir='ltr'><strong>et</strong></span> <span class='ocrx_word' id='word_1_112' title='bbox 513 1256 642 1310; x_wconf 91' lang='lat' dir='ltr'><strong>acerbum</strong></span> <span class='ocrx_word' id='word_1_113' title='bbox 659 1256 746 1324; x_wconf 73' lang='lat' dir='ltr'><strong>lngus</strong></span> <span class='ocrx_word' id='word_1_114' title='bbox 764 1259 793 1310; x_wconf 87' lang='lat' dir='ltr'><strong>et</strong></span> <span class='ocrx_word' id='word_1_115' title='bbox 809 1255 919 1322; x_wconf 85' lang='lat' dir='ltr'><strong>imbres,</strong></span> 
     </span>
     <span class='ocr_line' id='line_1_17' title="bbox 114 1331 880 1400; baseline -0.007 -12"><span class='ocrx_word' id='word_1_116' title='bbox 114 1337 174 1388; x_wconf 89' lang='lat' dir='ltr'><strong>Aut</strong></span> <span class='ocrx_word' id='word_1_117' title='bbox 192 1335 289 1388; x_wconf 86' lang='lat' dir='ltr'><strong>cistam</strong></span> <span class='ocrx_word' id='word_1_118' title='bbox 307 1333 446 1388; x_wconf 84' lang='lat' dir='ltr'><strong>effractam</strong></span> <span class='ocrx_word' id='word_1_119' title='bbox 464 1336 494 1386; x_wconf 86' lang='lat' dir='ltr'><strong>et</strong></span> <span class='ocrx_word' id='word_1_120' title='bbox 512 1331 647 1400; x_wconf 80' lang='lat' dir='ltr'><strong>subducta</strong></span> <span class='ocrx_word' id='word_1_121' title='bbox 667 1332 766 1386; x_wconf 85' lang='lat' dir='ltr'><strong>viatica</strong></span> <span class='ocrx_word' id='word_1_122' title='bbox 783 1331 880 1400; x_wconf 83' lang='lat' dir='ltr'><strong>plorat,</strong></span> 
     </span>
     <span class='ocr_line' id='line_1_18' title="bbox 114 1406 959 1475; baseline -0.005 -12"><span class='ocrx_word' id='word_1_123' title='bbox 114 1410 188 1464; x_wconf 88' lang='lat' dir='ltr'><strong>Nota</strong></span> <span class='ocrx_word' id='word_1_124' title='bbox 205 1411 292 1464; x_wconf 80' lang='lat' dir='ltr'><strong>refert</strong></span> <span class='ocrx_word' id='word_1_125' title='bbox 308 1409 460 1463; x_wconf 90' lang='lat' dir='ltr'><strong>meretricis</strong></span> <span class='ocrx_word' id='word_1_126' title='bbox 478 1407 608 1474; x_wconf 86' lang='lat' dir='ltr'><strong>acumina,</strong></span> <span class='ocrx_word' id='word_1_127' title='bbox 627 1422 708 1475; x_wconf 81' lang='lat' dir='ltr'><strong>saepe</strong></span> <span class='ocrx_word' id='word_1_128' title='bbox 727 1406 859 1471; x_wconf 85' lang='lat' dir='ltr'><strong>catellam,</strong></span> <span class='ocrx_word' id='word_1_129' title='bbox 937 1421 959 1459; x_wconf 80' lang='lat'><strong>55</strong></span> 
     </span>
     <span class='ocr_line' id='line_1_19' title="bbox 115 1482 860 1555; baseline -0.003 -16"><span class='ocrx_word' id='word_1_130' title='bbox 115 1487 203 1555; x_wconf 77' lang='lat' dir='ltr'><strong>Saepe</strong></span> <span class='ocrx_word' id='word_1_131' title='bbox 220 1485 409 1554; x_wconf 83' lang='lat' dir='ltr'><strong>periscelidem</strong></span> <span class='ocrx_word' id='word_1_132' title='bbox 427 1488 534 1552; x_wconf 83' lang='lat' dir='ltr'><strong>raptam</strong></span> <span class='ocrx_word' id='word_1_133' title='bbox 552 1482 605 1536; x_wconf 91' lang='lat' dir='ltr'><strong>sibi</strong></span> <span class='ocrx_word' id='word_1_134' title='bbox 623 1482 721 1550; x_wconf 88' lang='lat' dir='ltr'><strong>flentis,</strong></span> <span class='ocrx_word' id='word_1_135' title='bbox 738 1483 780 1536; x_wconf 87' lang='lat' dir='ltr'><strong>uti</strong></span> <span class='ocrx_word' id='word_1_136' title='bbox 798 1499 860 1537; x_wconf 83' lang='lat' dir='ltr'><strong>mox</strong></span> 
     </span>
    </p>

    <p class='ocr_par' dir='ltr' id='par_1_8' title="bbox 115 1557 835 1628">
     <span class='ocr_line' id='line_1_20' title="bbox 115 1557 835 1628; baseline -0.004 -13"><span class='ocrx_word' id='word_1_137' title='bbox 115 1561 198 1616; x_wconf 88' lang='lat' dir='ltr'><strong>Nulla</strong></span> <span class='ocrx_word' id='word_1_138' title='bbox 215 1561 284 1614; x_wconf 87' lang='lat' dir='ltr'><strong>fides</strong></span> <span class='ocrx_word' id='word_1_139' title='bbox 302 1560 409 1614; x_wconf 85' lang='lat' dir='ltr'><strong>damnis</strong></span> <span class='ocrx_word' id='word_1_140' title='bbox 427 1560 553 1628; x_wconf 83' lang='lat' dir='ltr'><strong>verisque</strong></span> <span class='ocrx_word' id='word_1_141' title='bbox 572 1557 711 1611; x_wconf 90' lang='lat' dir='ltr'><strong>doloribus</strong></span> <span class='ocrx_word' id='word_1_142' title='bbox 728 1557 808 1612; x_wconf 77' lang='lat' dir='ltr'><strong>adsIt</strong></span> <span class='ocrx_word' id='word_1_143' title='bbox 832 1581 835 1590; x_wconf 40' lang='lat' dir='ltr'><strong>n</strong></span> 
     </span>
    </p>

    <p class='ocr_par' dir='ltr' id='par_1_9' title="bbox 115 1634 779 1692">
     <span class='ocr_line' id='line_1_21' title="bbox 115 1634 779 1692; baseline -0.006 -1"><span class='ocrx_word' id='word_1_144' title='bbox 115 1637 142 1692; x_wconf 89' lang='lat' dir='ltr'>N</span> <span class='ocrx_word' id='word_1_145' title='bbox 144 1654 175 1691; x_wconf 89' lang='lat' dir='ltr'><strong>ec</strong></span> <span class='ocrx_word' id='word_1_146' title='bbox 195 1637 278 1690; x_wconf 86' lang='lat' dir='ltr'><strong>semel</strong></span> <span class='ocrx_word' id='word_1_147' title='bbox 296 1637 393 1690; x_wconf 86' lang='lat' dir='ltr'><strong>irrisus</strong></span> <span class='ocrx_word' id='word_1_148' title='bbox 410 1635 499 1689; x_wconf 76' lang='lat' dir='ltr'><strong>triviis</strong></span> <span class='ocrx_word' id='word_1_149' title='bbox 517 1634 642 1688; x_wconf 72' lang='lat' dir='ltr'><strong>attollere</strong></span> <span class='ocrx_word' id='word_1_150' title='bbox 660 1636 738 1687; x_wconf 87' lang='lat' dir='ltr'><strong>curat</strong></span> <span class='ocrx_word' id='word_1_151' title='bbox 775 1678 779 1687; x_wconf 88' lang='lat'>.</span> 
     </span>
    </p>

    <p class='ocr_par' dir='ltr' id='par_1_10' title="bbox 116 1709 962 1926">
     <span class='ocr_line' id='line_1_22' title="bbox 116 1709 828 1780; baseline -0.007 -12"><span class='ocrx_word' id='word_1_152' title='bbox 116 1713 215 1768; x_wconf 78' lang='lat' dir='ltr'><strong>Fracto</strong></span> <span class='ocrx_word' id='word_1_153' title='bbox 232 1729 310 1766; x_wconf 86' lang='lat' dir='ltr'><strong>crure</strong></span> <span class='ocrx_word' id='word_1_154' title='bbox 328 1713 447 1780; x_wconf 85' lang='lat' dir='ltr'><strong>planum,</strong></span> <span class='ocrx_word' id='word_1_155' title='bbox 464 1711 528 1763; x_wconf 86' lang='lat' dir='ltr'><strong>licet</strong></span> <span class='ocrx_word' id='word_1_156' title='bbox 545 1709 585 1762; x_wconf 94' lang='lat' dir='ltr'><strong>illi</strong></span> <span class='ocrx_word' id='word_1_157' title='bbox 602 1709 720 1779; x_wconf 84' lang='lat' dir='ltr'><strong>plurima</strong></span> <span class='ocrx_word' id='word_1_158' title='bbox 736 1711 828 1763; x_wconf 88' lang='lat' dir='ltr'><strong>manet</strong></span> 
     </span>
     <span class='ocr_line' id='line_1_23' title="bbox 116 1783 962 1855; baseline -0.001 -14"><span class='ocrx_word' id='word_1_159' title='bbox 116 1788 248 1854; x_wconf 80' lang='lat' dir='ltr'><strong>Lacrima,</strong></span> <span class='ocrx_word' id='word_1_160' title='bbox 265 1803 316 1855; x_wconf 90' lang='lat' dir='ltr'><strong>per</strong></span> <span class='ocrx_word' id='word_1_161' title='bbox 335 1789 457 1838; x_wconf 86' lang='lat' dir='ltr'><strong>sanctum</strong></span> <span class='ocrx_word' id='word_1_162' title='bbox 470 1785 581 1852; x_wconf 87' lang='lat' dir='ltr'><strong>juratus</strong></span> <span class='ocrx_word' id='word_1_163' title='bbox 599 1784 674 1838; x_wconf 87' lang='lat' dir='ltr'><strong>dicat</strong></span> <span class='ocrx_word' id='word_1_164' title='bbox 692 1783 806 1838; x_wconf 88' lang='lat' dir='ltr'><strong>Osirim:</strong></span> <span class='ocrx_word' id='word_1_165' title='bbox 941 1804 962 1840; x_wconf 79' lang='lat' dir='ltr'><strong>tc</strong></span> 
     </span>
     <span class='ocr_line' id='line_1_24' title="bbox 116 1856 840 1926; baseline -0.008 -10"><span class='ocrx_word' id='word_1_166' title='bbox 116 1863 252 1916; x_wconf 81' lang='lat' dir='ltr'><strong>“Credite</strong></span> <span class='ocrx_word' id='word_1_167' title='bbox 269 1878 323 1914; x_wconf 91' lang='lat' dir='ltr'><strong>non</strong></span> <span class='ocrx_word' id='word_1_168' title='bbox 340 1860 419 1924; x_wconf 87' lang='lat' dir='ltr'><strong>lud0;</strong></span> <span class='ocrx_word' id='word_1_169' title='bbox 436 1860 567 1926; x_wconf 84' lang='lat' dir='ltr'><strong>crudeles,</strong></span> <span class='ocrx_word' id='word_1_170' title='bbox 586 1858 675 1913; x_wconf 89' lang='lat' dir='ltr'><strong>tollite</strong></span> <span class='ocrx_word' id='word_1_171' title='bbox 693 1856 840 1912; x_wconf 66' lang='lat' dir='ltr'><strong>claudum?</strong></span> 
     </span>
    </p>

    <p class='ocr_par' dir='ltr' id='par_1_11' title="bbox 113 1933 905 2006">
     <span class='ocr_line' id='line_1_25' title="bbox 113 1933 905 2006; baseline -0.006 -13"><span class='ocrx_word' id='word_1_172' title='bbox 113 1937 132 2002; x_wconf 65' lang='lat' dir='ltr'><strong>f‘</strong></span> <span class='ocrx_word' id='word_1_173' title='bbox 140 1938 246 2004; x_wconf 83' lang='lat' dir='ltr'><strong>Quaere</strong></span> <span class='ocrx_word' id='word_1_174' title='bbox 263 1935 461 2006; x_wconf 53' lang='lat' dir='ltr'><strong>peregrinum?</strong></span> <span class='ocrx_word' id='word_1_175' title='bbox 478 1935 575 1989; x_wconf 83' lang='lat' dir='ltr'><strong>vicinia</strong></span> <span class='ocrx_word' id='word_1_176' title='bbox 592 1949 674 1988; x_wconf 86' lang='lat' dir='ltr'><strong>rauca</strong></span> <span class='ocrx_word' id='word_1_177' title='bbox 690 1933 829 2006; x_wconf 82' lang='lat' dir='ltr'><strong>reclamat</strong></span> <span class='ocrx_word' id='word_1_178' title='bbox 902 1977 905 1980; x_wconf 92' lang='lat'>.</span> 
     </span>
    </p>
   </div>
   <div class='ocr_carea' id='block_1_3' title="bbox 486 2075 599 2130">
    <p class='ocr_par' dir='ltr' id='par_1_12' title="bbox 486 2075 599 2130">
     <span class='ocr_line' id='line_1_26' title="bbox 486 2075 599 2130; baseline -0.009 0"><span class='ocrx_word' id='word_1_179' title='bbox 486 2075 599 2130; x_wconf 89' lang='lat' dir='ltr'><strong>XVIII.</strong></span> 
     </span>
    </p>
   </div>
   <div class='ocr_carea' id='block_1_4' title="bbox 116 2157 991 2829">
    <p class='ocr_par' dir='ltr' id='par_1_13' title="bbox 116 2157 904 2378">
     <span class='ocr_line' id='line_1_27' title="bbox 117 2157 745 2226; baseline -0.013 -8"><span class='ocrx_word' id='word_1_180' title='bbox 117 2163 235 2218; x_wconf 85' lang='lat' dir='ltr'><strong>S1bene</strong></span> <span class='ocrx_word' id='word_1_181' title='bbox 252 2165 283 2216; x_wconf 90' lang='lat' dir='ltr'><strong>te</strong></span> <span class='ocrx_word' id='word_1_182' title='bbox 300 2161 362 2216; x_wconf 87' lang='lat' dir='ltr'><strong>novi</strong></span> <span class='ocrx_word' id='word_1_183' title='bbox 379 2163 493 2226; x_wconf 82' lang='lat' dir='ltr'><strong>metues,</strong></span> <span class='ocrx_word' id='word_1_184' title='bbox 511 2157 650 2212; x_wconf 89' lang='lat' dir='ltr'><strong>liberrime</strong></span> <span class='ocrx_word' id='word_1_185' title='bbox 668 2157 745 2222; x_wconf 72' lang='lat' dir='ltr'><strong>Lolli,</strong></span> 
     </span>
     <span class='ocr_line' id='line_1_28' title="bbox 117 2231 904 2305; baseline -0.013 -12"><span class='ocrx_word' id='word_1_186' title='bbox 117 2238 271 2293; x_wconf 70' lang='lat' dir='ltr'><strong>scurrantis</strong></span> <span class='ocrx_word' id='word_1_187' title='bbox 290 2237 408 2305; x_wconf 88' lang='lat' dir='ltr'><strong>speciem</strong></span> <span class='ocrx_word' id='word_1_188' title='bbox 425 2235 558 2304; x_wconf 73' lang='lat' dir='ltr'><strong>praebeto</strong></span> <span class='ocrx_word' id='word_1_189' title='bbox 575 2234 715 2304; x_wconf 87' lang='lat' dir='ltr'><strong>professus</strong></span> <span class='ocrx_word' id='word_1_190' title='bbox 732 2231 856 2285; x_wconf 84' lang='lat' dir='ltr'><strong>amicum</strong></span> <span class='ocrx_word' id='word_1_191' title='bbox 902 2246 904 2248; x_wconf 85' lang='lat'>·</span> 
     </span>
     <span class='ocr_line' id='line_1_29' title="bbox 116 2309 736 2378; baseline -0.011 -9"><span class='ocrx_word' id='word_1_192' title='bbox 116 2314 158 2368; x_wconf 90' lang='lat' dir='ltr'><strong>Ut</strong></span> <span class='ocrx_word' id='word_1_193' title='bbox 174 2317 298 2366; x_wconf 88' lang='lat' dir='ltr'><strong>matrona</strong></span> <span class='ocrx_word' id='word_1_194' title='bbox 315 2312 454 2364; x_wconf 89' lang='lat' dir='ltr'><strong>meretrici</strong></span> <span class='ocrx_word' id='word_1_195' title='bbox 471 2311 563 2378; x_wconf 88' lang='lat' dir='ltr'><strong>dispar</strong></span> <span class='ocrx_word' id='word_1_196' title='bbox 581 2309 635 2363; x_wconf 88' lang='lat' dir='ltr'><strong>erit</strong></span> <span class='ocrx_word' id='word_1_197' title='bbox 653 2313 736 2377; x_wconf 86' lang='lat' dir='ltr'><strong>atque</strong></span> 
     </span>
    </p>

    <p class='ocr_par' dir='ltr' id='par_1_14' title="bbox 117 2384 736 2456">
     <span class='ocr_line' id='line_1_30' title="bbox 117 2384 736 2456; baseline -0.008 -13"><span class='ocrx_word' id='word_1_198' title='bbox 117 2389 248 2456; x_wconf 87' lang='lat' dir='ltr'><strong>Discolor,</strong></span> <span class='ocrx_word' id='word_1_199' title='bbox 267 2387 351 2440; x_wconf 87' lang='lat' dir='ltr'><strong>infido</strong></span> <span class='ocrx_word' id='word_1_200' title='bbox 370 2401 478 2440; x_wconf 83' lang='lat' dir='ltr'><strong>scurrae</strong></span> <span class='ocrx_word' id='word_1_201' title='bbox 496 2384 610 2438; x_wconf 88' lang='lat' dir='ltr'><strong>distabit</strong></span> <span class='ocrx_word' id='word_1_202' title='bbox 628 2384 736 2438; x_wconf 88' lang='lat' dir='ltr'><strong>amicus.</strong></span> 
     </span>
    </p>

    <p class='ocr_par' dir='ltr' id='par_1_15' title="bbox 117 2457 991 2829">
     <span class='ocr_line' id='line_1_31' title="bbox 118 2457 967 2529; baseline -0.014 -9"><span class='ocrx_word' id='word_1_203' title='bbox 118 2465 249 2520; x_wconf 83' lang='lat' dir='ltr'><strong>Esthuic</strong></span> <span class='ocrx_word' id='word_1_204' title='bbox 267 2463 405 2516; x_wconf 89' lang='lat' dir='ltr'><strong>diversum</strong></span> <span class='ocrx_word' id='word_1_205' title='bbox 422 2462 489 2515; x_wconf 85' lang='lat' dir='ltr'><strong>vitio</strong></span> <span class='ocrx_word' id='word_1_206' title='bbox 503 2461 603 2514; x_wconf 77' lang='lat' dir='ltr'><strong>sitium</strong></span> <span class='ocrx_word' id='word_1_207' title='bbox 621 2476 705 2529; x_wconf 87' lang='lat' dir='ltr'><strong>prope</strong></span> <span class='ocrx_word' id='word_1_208' title='bbox 722 2457 818 2526; x_wconf 85' lang='lat' dir='ltr'><strong>majus,</strong></span> <span class='ocrx_word' id='word_1_209' title='bbox 954 2469 967 2508; x_wconf 82' lang='lat'>⁵</span> 
     </span>
     <span class='ocr_line' id='line_1_32' title="bbox 118 2535 991 2610; baseline -0.011 -15"><span class='ocrx_word' id='word_1_210' title='bbox 118 2541 263 2610; x_wconf 87' lang='lat' dir='ltr'><strong>Asperitas</strong></span> <span class='ocrx_word' id='word_1_211' title='bbox 280 2537 396 2607; x_wconf 81' lang='lat' dir='ltr'><strong>agrestis</strong></span> <span class='ocrx_word' id='word_1_212' title='bbox 414 2539 443 2590; x_wconf 87' lang='lat' dir='ltr'><strong>et</strong></span> <span class='ocrx_word' id='word_1_213' title='bbox 461 2537 618 2590; x_wconf 86' lang='lat' dir='ltr'><strong>inconcinna</strong></span> <span class='ocrx_word' id='word_1_214' title='bbox 635 2535 786 2603; x_wconf 85' lang='lat' dir='ltr'><strong>gravisque,</strong></span> <span class='ocrx_word' id='word_1_215' title='bbox 988 2543 991 2546; x_wconf 85' lang='grc'><em>·</em></span> 
     </span>
     <span class='ocr_line' id='line_1_33' title="bbox 118 2608 857 2682; baseline -0.012 -11"><span class='ocrx_word' id='word_1_216' title='bbox 118 2617 194 2682; x_wconf 81' lang='lat' dir='ltr'><strong>Quae</strong></span> <span class='ocrx_word' id='word_1_217' title='bbox 212 2633 241 2670; x_wconf 86' lang='lat' dir='ltr'><strong>se</strong></span> <span class='ocrx_word' id='word_1_218' title='bbox 259 2613 432 2669; x_wconf 85' lang='lat' dir='ltr'><strong>commendat</strong></span> <span class='ocrx_word' id='word_1_219' title='bbox 449 2615 530 2666; x_wconf 87' lang='lat' dir='ltr'><strong>tonsa</strong></span> <span class='ocrx_word' id='word_1_220' title='bbox 546 2615 616 2679; x_wconf 89' lang='lat' dir='ltr'><strong>cute,</strong></span> <span class='ocrx_word' id='word_1_221' title='bbox 634 2610 765 2665; x_wconf 89' lang='lat' dir='ltr'><strong>dentibus</strong></span> <span class='ocrx_word' id='word_1_222' title='bbox 782 2608 857 2677; x_wconf 86' lang='lat' dir='ltr'><strong>atris,</strong></span> 
     </span>
     <span class='ocr_line' id='line_1_34' title="bbox 117 2685 813 2754; baseline -0.013 -7"><span class='ocrx_word' id='word_1_223' title='bbox 117 2693 191 2747; x_wconf 87' lang='lat' dir='ltr'><strong>Dum</strong></span> <span class='ocrx_word' id='word_1_224' title='bbox 209 2692 268 2746; x_wconf 82' lang='lat' dir='ltr'><strong>vult</strong></span> <span class='ocrx_word' id='word_1_225' title='bbox 285 2690 399 2744; x_wconf 87' lang='lat' dir='ltr'><strong>libertas</strong></span> <span class='ocrx_word' id='word_1_226' title='bbox 417 2688 471 2742; x_wconf 89' lang='lat' dir='ltr'><strong>dici</strong></span> <span class='ocrx_word' id='word_1_227' title='bbox 489 2704 566 2741; x_wconf 85' lang='lat' dir='ltr'><strong>mera</strong></span> <span class='ocrx_word' id='word_1_228' title='bbox 582 2702 702 2754; x_wconf 84' lang='lat' dir='ltr'><strong>veraque</strong></span> <span class='ocrx_word' id='word_1_229' title='bbox 719 2685 813 2745; x_wconf 70' lang='lat' dir='ltr'><strong>viram</strong></span> 
     </span>
     <span class='ocr_line' id='line_1_35' title="bbox 117 2759 924 2829; baseline -0.012 -7"><span class='ocrx_word' id='word_1_230' title='bbox 117 2767 215 2822; x_wconf 87' lang='lat' dir='ltr'><strong>Virtus</strong></span> <span class='ocrx_word' id='word_1_231' title='bbox 233 2771 277 2821; x_wconf 89' lang='lat' dir='ltr'><strong>est</strong></span> <span class='ocrx_word' id='word_1_232' title='bbox 293 2766 414 2820; x_wconf 90' lang='lat' dir='ltr'><strong>medium</strong></span> <span class='ocrx_word' id='word_1_233' title='bbox 432 2764 561 2818; x_wconf 86' lang='lat' dir='ltr'><strong>vitiorum</strong></span> <span class='ocrx_word' id='word_1_234' title='bbox 579 2766 608 2817; x_wconf 87' lang='lat' dir='ltr'><strong>et</strong></span> <span class='ocrx_word' id='word_1_235' title='bbox 624 2762 753 2829; x_wconf 86' lang='lat' dir='ltr'><strong>utrinque</strong></span> <span class='ocrx_word' id='word_1_236' title='bbox 771 2759 924 2812; x_wconf 87' lang='lat' dir='ltr'><strong>reductum.</strong></span> 
     </span>
    </p>
   </div>
   <div class='ocr_carea' id='block_1_5' title="bbox 13 2833 964 3202">
    <p class='ocr_par' dir='ltr' id='par_1_16' title="bbox 118 2833 964 2978">
     <span class='ocr_line' id='line_1_36' title="bbox 118 2833 964 2910; baseline -0.014 -13"><span class='ocrx_word' id='word_1_237' title='bbox 118 2845 200 2897; x_wconf 82' lang='lat' dir='ltr'><strong>Alter</strong></span> <span class='ocrx_word' id='word_1_238' title='bbox 217 2844 246 2896; x_wconf 84' lang='lat' dir='ltr'><strong>ln</strong></span> <span class='ocrx_word' id='word_1_239' title='bbox 263 2842 423 2910; x_wconf 89' lang='lat' dir='ltr'><strong>obsequium</strong></span> <span class='ocrx_word' id='word_1_240' title='bbox 440 2841 502 2908; x_wconf 90' lang='lat' dir='ltr'><strong>plus</strong></span> <span class='ocrx_word' id='word_1_241' title='bbox 519 2854 606 2905; x_wconf 89' lang='lat' dir='ltr'><strong>aequo</strong></span> <span class='ocrx_word' id='word_1_242' title='bbox 624 2852 726 2905; x_wconf 88' lang='lat' dir='ltr'><strong>pronus</strong></span> <span class='ocrx_word' id='word_1_243' title='bbox 742 2837 773 2887; x_wconf 82' lang='lat' dir='ltr'><strong>et</strong></span> <span class='ocrx_word' id='word_1_244' title='bbox 789 2833 837 2886; x_wconf 86' lang='lat' dir='ltr'><strong>imi</strong></span> <span class='ocrx_word' id='word_1_245' title='bbox 944 2848 964 2886; x_wconf 78' lang='lat' dir='ltr'><strong>ro</strong></span> 
     </span>
     <span class='ocr_line' id='line_1_37' title="bbox 118 2911 716 2978; baseline -0.015 -6"><span class='ocrx_word' id='word_1_246' title='bbox 118 2919 231 2972; x_wconf 83' lang='lat' dir='ltr'><strong>Derisor</strong></span> <span class='ocrx_word' id='word_1_247' title='bbox 247 2917 312 2970; x_wconf 87' lang='lat' dir='ltr'><strong>lecti</strong></span> <span class='ocrx_word' id='word_1_248' title='bbox 330 2918 369 2970; x_wconf 89' lang='lat' dir='ltr'><strong>sic</strong></span> <span class='ocrx_word' id='word_1_249' title='bbox 386 2919 484 2969; x_wconf 87' lang='lat' dir='ltr'><strong>nutum</strong></span> <span class='ocrx_word' id='word_1_250' title='bbox 503 2913 596 2966; x_wconf 89' lang='lat' dir='ltr'><strong>divitis</strong></span> <span class='ocrx_word' id='word_1_251' title='bbox 613 2911 716 2978; x_wconf 85' lang='lat' dir='ltr'><strong>horret,</strong></span> 
     </span>
    </p>

    <p class='ocr_par' dir='ltr' id='par_1_17' title="bbox 13 2985 771 3054">
     <span class='ocr_line' id='line_1_38' title="bbox 13 2985 771 3054; baseline -0.011 -9"><span class='ocrx_word' id='word_1_252' title='bbox 13 3047 14 3054; x_wconf 58' lang='grc'>,</span> <span class='ocrx_word' id='word_1_253' title='bbox 118 2992 163 3047; x_wconf 80' lang='lat' dir='ltr'><strong>Sic</strong></span> <span class='ocrx_word' id='word_1_254' title='bbox 179 2993 263 3043; x_wconf 88' lang='lat' dir='ltr'><strong>iterat</strong></span> <span class='ocrx_word' id='word_1_255' title='bbox 280 3007 359 3043; x_wconf 84' lang='lat' dir='ltr'><strong>voces</strong></span> <span class='ocrx_word' id='word_1_256' title='bbox 377 2995 407 3043; x_wconf 90' lang='lat' dir='ltr'><strong>et</strong></span> <span class='ocrx_word' id='word_1_257' title='bbox 422 2988 506 3042; x_wconf 89' lang='lat' dir='ltr'><strong>verba</strong></span> <span class='ocrx_word' id='word_1_258' title='bbox 523 2987 649 3042; x_wconf 85' lang='lat' dir='ltr'><strong>cadentia</strong></span> <span class='ocrx_word' id='word_1_259' title='bbox 666 2985 747 3052; x_wconf 87' lang='lat' dir='ltr'><strong>tollit,</strong></span> <span class='ocrx_word' id='word_1_260' title='bbox 764 3043 771 3052; x_wconf 50' lang='grc'><strong>,</strong></span> 
     </span>
    </p>

    <p class='ocr_par' dir='ltr' id='par_1_18' title="bbox 13 3062 772 3138">
     <span class='ocr_line' id='line_1_39' title="bbox 13 3062 772 3138; baseline -0.005 -21"><span class='ocrx_word' id='word_1_261' title='bbox 13 3133 14 3138; x_wconf 12' lang='lat'>¹</span> <span class='ocrx_word' id='word_1_262' title='bbox 119 3064 161 3116; x_wconf 87' lang='lat' dir='ltr'><strong>Ut</strong></span> <span class='ocrx_word' id='word_1_263' title='bbox 176 3079 292 3131; x_wconf 90' lang='lat' dir='ltr'><strong>puerum</strong></span> <span class='ocrx_word' id='word_1_264' title='bbox 310 3079 389 3115; x_wconf 83' lang='lat' dir='ltr'><strong>saevo</strong></span> <span class='ocrx_word' id='word_1_265' title='bbox 405 3064 502 3115; x_wconf 90' lang='lat' dir='ltr'><strong>credas</strong></span> <span class='ocrx_word' id='word_1_266' title='bbox 520 3063 625 3115; x_wconf 82' lang='lat' dir='ltr'><strong>dictate</strong></span> <span class='ocrx_word' id='word_1_267' title='bbox 641 3062 772 3128; x_wconf 82' lang='lat' dir='ltr'><strong>magistro</strong></span> 
     </span>
    </p>

    <p class='ocr_par' dir='ltr' id='par_1_19' title="bbox 13 3131 843 3202">
     <span class='ocr_line' id='line_1_40' title="bbox 13 3131 843 3202; baseline 0.002 -16"><span class='ocrx_word' id='word_1_268' title='bbox 13 3151 14 3158; x_wconf 52' lang='lat'>¹</span> <span class='ocrx_word' id='word_1_269' title='bbox 120 3135 248 3188; x_wconf 84' lang='lat' dir='ltr'><strong>Reddere</strong></span> <span class='ocrx_word' id='word_1_270' title='bbox 264 3135 309 3187; x_wconf 82' lang='lat' dir='ltr'><strong>rel</strong></span> <span class='ocrx_word' id='word_1_271' title='bbox 325 3139 419 3202; x_wconf 82' lang='lat' dir='ltr'><strong>partes</strong></span> <span class='ocrx_word' id='word_1_272' title='bbox 437 3136 550 3188; x_wconf 79' lang='lat' dir='ltr'><strong>numum</strong></span> <span class='ocrx_word' id='word_1_273' title='bbox 567 3138 688 3190; x_wconf 85' lang='lat' dir='ltr'><strong>tractare</strong></span> <span class='ocrx_word' id='word_1_274' title='bbox 704 3131 843 3188; x_wconf 84' lang='lat' dir='ltr'><strong>secundas.</strong></span> 
     </span>
    </p>
   </div>
   <div class='ocr_carea' id='block_1_6' title="bbox 0 0 1033 3416">
    <p class='ocr_par' dir='ltr' id='par_1_20' title="bbox 0 0 1033 3416">
     <span class='ocr_line' id='line_1_41' title="bbox 0 0 1033 3416; baseline 0 0"><span class='ocrx_word' id='word_1_275' title='bbox 0 0 1033 3416; x_wconf 95' lang='lat' dir='ltr'><strong> </strong></span> 
     </span>
    </p>
   </div>
  </div>
 </body>
</html>
