2036 3416
308 99 514 150 CARMINUM
531 101 570 151 11.
590 104 626 152 11.
864 105 896 153 ts

177 179 319 234 Decidunt
336 182 428 232 tinres
446 177 602 249 feriuntque
620 175 738 236 summos

214 254 336 322 Fulgura
353 258 468 308 mentes.
499 287 502 291 -

178 329 280 397 Sperat
296 329 411 398 infestis,
428 329 528 383 metuit
546 331 672 384 secundis

178 405 305 458 Alteram
324 407 427 458 sortem
445 403 514 458 bene
531 409 724 473 praeparatum

179 479 287 533 Pectus.
323 479 459 533 informes
476 480 580 534 hiemes
597 480 706 535 reducit
872 499 894 538 rs

214 554 351 624 luppiter,
371 555 445 608 idem

179 631 344 685 Summovet
378 630 442 683 Non
459 629 482 683 si
499 629 570 684 rnale
588 647 659 684 nune
677 633 706 685 et
724 631 786 686 olim

180 705 227 760 Sic
245 705 312 760 erit:
331 704 468 774 quendam
486 706 590 760 cithara
606 711 743 760 tacentem

180 781 300 835 Suscitat
316 797 430 848 mirsam,
447 797 536 850 neque
555 797 663 849 semper
680 798 772 836 areum

215 856 315 910 Tendit
332 857 440 925 Apelle.
591 905 594 910 .
869 871 893 912 ae

180 930 274 985 Rebus
291 931 414 1000 angustis
432 931 568 986 animosus
585 935 668 1001 atque

180 1007 273 1062 Fortis
291 1023 410 1076 appare;
428 1007 565 1074 sapienter
582 1007 656 1061 idem
727 1043 730 1049 -

181 1082 331 1137 Contrahes
348 1085 431 1136 vento
448 1083 560 1136 nimium
579 1082 695 1137 secunde

213 1157 335 1225 'lurgida
351 1157 418 1212 vela

440 1298 493 1355 XI.

181 1381 255 1446 Qum
271 1380 413 1436 bellicosus
431 1380 569 1436 cantaber
586 1385 615 1436 et
633 1383 753 1453 Scythes,

181 1457 297 1526 Hirpine
315 1456 417 1524 Quinti,
434 1457 538 1524 cogitet
556 1457 663 1512 Hadria

215 1532 325 1586 Divisus
342 1531 449 1598 objecto
467 1532 592 1585 remittas

250 1608 394 1674 Quaerere,
412 1622 463 1660 nee
480 1607 602 1676 trepides
620 1607 649 1660 in
666 1624 745 1661 usum

182 1682 322 1737 Poscentis
339 1683 398 1737 aevi
416 1699 509 1751 pauca.
544 1682 628 1750 Fugit
646 1687 720 1736 retro
883 1699 895 1740 t

181 1758 263 1821 Levis
276 1757 405 1827 juventas
423 1762 452 1812 et
470 1758 558 1826 decor,
575 1759 653 1812 arida

217 1834 339 1888 Pellente
357 1833 469 1888 lascivos
487 1851 592 1888 amores

251 1909 357 1964 (lanitia
374 1909 535 1978 facilemque
553 1925 684 1964 somnum.

177 1983 245 2038 Non
262 2000 368 2052 semper
384 1984 458 2037 idern
476 1984 587 2038 floribus
604 1989 646 2038 est
662 1986 748 2038 honor

185 2058 282 2114 Vernis
298 2076 388 2129 neque
405 2076 458 2114 uno
477 2059 555 2114 Luna
571 2059 672 2112 rubens
689 2059 759 2113 nitet
872 2076 893 2115 re

218 2135 321 2190 Vultu:
339 2134 406 2204 quid
423 2135 543 2188 aeternis
560 2134 692 2188 minorem

252 2211 377 2265 Consiliis
395 2211 514 2264 animum
531 2211 651 2278 fatigasl

185 2285 239 2340 Cur
255 2302 309 2340 non
326 2285 377 2340 sub
394 2285 450 2340 alta
466 2286 510 2340 vel
527 2286 636 2354 platano
654 2286 697 2340 vel
714 2287 765 2343 hae

185 2360 254 2416 Pinn
265 2361 392 2430 jacentes
409 2361 448 2415 sic
464 2365 569 2415 temere
587 2365 617 2416 et
635 2378 696 2416 rosa

218 2437 305 2491 Ganos
322 2437 429 2490 odorati
447 2437 564 2505 capillos,
870 2452 893 2491 ιε

251 2512 324 2566 Dum
341 2512 413 2580 licet,
432 2513 598 2582 Assyriaque
615 2514 701 2567 nardo

185 2585 312 2643 Petamus
329 2587 424 2642 unetil
459 2587 582 2656 Dissipat
599 2589 685 2642 Fuius

184 2663 267 2719 (linas
284 2663 389 2718 edaces
424 2663 491 2728 Quis
508 2681 577 2733 puer
594 2665 668 2718 ocius

217 2740 384 2808 Restinguet
401 2740 522 2793 ardentis
542 2740 651 2793 Falerni

248 2815 350 2870 Pocula
366 2818 558 2884 praetereunte
576 2813 705 2883 lymphai
867 2827 891 2867 ae

182 2889 247 2955 Quis
265 2891 375 2945 devium
393 2894 512 2944 scortum
530 2889 620 2942 eliciet
638 2888 719 2941 dome

183 2964 298 3035 Lydenl
333 2965 444 3018 Eburna
461 2964 505 3017 dic
523 2980 573 3031 age
591 2977 652 3015 cum
669 2963 726 3032 lyra

216 3042 342 3095 Maturet
359 3041 388 3094 in
406 3043 545 3107 comptum
563 3037 703 3091 Laeaenoe
860 3101 862 3107 A

249 3115 329 3169 More
346 3113 570 3177 eomas·religata
587 3111 695 3166 nodum.
753 3117 755 3122 '
