2008 3416
103 119 149 166 120
371 115 525 165 HORATII
542 114 672 166 FLACOI

102 195 150 251 Ad
166 195 286 251 mediam
303 188 411 248 no‘ctem
430 199 572 264 exspecto:
592 211 701 250 somnus
717 198 811 252 tamen
828 200 921 254 aufert

102 271 244 326 Intentum
261 270 372 336 veneri3
389 271 449 326 tum
465 271 606 325 immundo
625 272 728 326 somnia
746 266 806 328 visu

101 346 269 402 Nocturnam
286 349 391 400 vestem
408 347 546 400 maculant
563 351 742 416 ventremque
759 350 893 418 supinum
930 365 961 406 8⁵

101 421 237 486 Quattuor
254 421 317 475 hinc
332 421 454 490 rapimur
471 422 567 490 viginti
585 427 614 477 et
631 423 716 477 millia
733 424 835 494 rhedis,

99 495 225 551 Mansuri
242 497 371 566 oppidulo
389 497 463 566 quod
480 514 562 551 versu
579 498 671 552 dicere
688 515 742 553 non
760 503 811 568 est,

100 573 190 640 Signis
207 573 335 642 perfacile
352 577 413 627 est:
432 573 509 627 venit
525 573 655 628 vilissima
672 591 767 628 rerum

100 649 155 702 Hic
172 665 260 717 aqua;
278 647 327 703 sed
344 649 422 716 panis
439 648 519 716 longe
537 649 744 718 pulcherrimus,
761 647 836 706 ultra

100 723 221 777 Callidus
237 727 270 778 ut
288 723 374 777 soleat
392 723 512 776 humeris
529 727 639 792 portare
656 725 761 791 viator;
926 742 956 784 aa

99 799 172 852 Nam
190 799 290 853 Canusi
306 798 453 865 lapidosus,
472 815 559 867 aquae
576 815 631 852 non
648 800 732 854 ditior
749 815 819 854 urna

100 875 153 938 Qui
171 875 245 928 locus
261 891 278 927 a
295 873 360 926 forti
378 873 511 927 Diomede
529 877 573 929 est
589 875 715 929 conditus
732 875 804 930 olim.

99 950 243 1004 Flentibus
261 949 324 1002 hinc
341 948 442 1002 Varius
460 949 577 1004 discedit
594 955 714 1005 maestus
731 947 833 1005 amicis.

99 1026 170 1079 Inde
189 1025 282 1079 Rubos
299 1025 363 1078 fessi
380 1025 561 1093 pervenimus,
579 1029 675 1094 utpote
692 1026 804 1094 longum

99 1101 250 1170 Carpentes
266 1102 321 1155 iter
338 1105 368 1155 et
385 1099 487 1154 factum
505 1103 660 1170 corruptius
675 1101 764 1156 imbri.
925 1117 952 1159 as

101 1177 217 1231 Postera
233 1179 384 1245 tempestas
401 1176 505 1243 melior,
523 1176 568 1230 via
584 1177 664 1245 pejor
680 1177 717 1231 ad
733 1194 821 1248 usque

97 1252 163 1306 Bari
180 1253 287 1306 moenia
303 1251 419 1320 piscosi;
436 1251 501 1305 dein
520 1251 621 1306 Gnatia
639 1253 772 1321 Lymphis

98 1327 181 1381 Iratis
199 1331 339 1381 exstructa
357 1327 436 1380 dedit
452 1327 578 1396 risusque
591 1326 729 1396 jocosque,
780 1373 787 1390 ,

96 1402 169 1456 Dum
187 1402 295 1456 flamma
312 1402 370 1456 sine
387 1402 469 1456 thura
486 1403 636 1470 liquescere
652 1403 745 1458 limine
768 1419 865 1483 sacro,

97 1478 266 1532 Persuadere
283 1480 365 1547 cupit.
400 1478 503 1533 Credat
521 1479 539 1531 J
542 1478 647 1532 adaeus
666 1479 771 1548 Apella,
913 1495 949 1535 roo

95 1553 158 1606 Non
176 1571 242 1622 ego:
267 1571 386 1623 namque
403 1554 470 1608 deos
489 1554 572 1607 didici
591 1570 716 1608 securum
733 1571 815 1622 egere
832 1563 938 1625 aevum,

94 1629 154 1683 Nec
171 1630 194 1683 si
212 1630 278 1698 quid
296 1630 359 1683 miri
375 1630 460 1684 taciat
477 1633 575 1683 natura
593 1630 659 1684 deos
676 1629 707 1684 id

94 1704 199 1758 Tristes
216 1722 250 1758 ex
268 1706 324 1758 alto
341 1706 408 1759 caeli
427 1706 573 1759 demittere
590 1709 671 1761 tecto.

93 1779 273 1833 Brundisium
291 1781 387 1847 longae
403 1781 465 1834 finis
483 1782 647 1851 chartaeque
664 1781 778 1851 viaeque
796 1783 846 1835 est.

92 2006 244 2076 Nonquia,
264 2007 416 2077 Maecenas,
434 2007 572 2076 Lydorum
590 2005 725 2076 quidquid
741 2006 872 2060 llt‘uscos

92 2081 210 2136 Incoluit
227 2084 294 2137 fines
312 2101 392 2138 nemo
410 2084 564 2152 generosior
581 2087 624 2136 est
640 2087 678 2150 te,

91 2157 118 2211 N
120 2175 151 2212 ec
168 2160 241 2227 quod
259 2176 325 2213 arus
343 2161 395 2214 tibi
413 2165 552 2214 maternus
570 2159 623 2212 fuit
640 2158 724 2226 atque
741 2159 873 2226 paternus

91 2232 163 2286 Olim
182 2234 229 2302 qui
246 2235 352 2302 magnis
370 2235 521 2302 legionibus
538 2233 734 2302 imperitarent,

90 2305 131 2362 Ut
147 2309 270 2378 plerique
288 2310 382 2373 solent,
399 2327 464 2363 naso
481 2310 623 2378 suspendis
641 2309 745 2362 adunco
932 2327 943 2365 s

91 2383 210 2452 ignotos,
227 2388 260 2438 ut
277 2401 321 2438 me
338 2384 466 2438 libertino
482 2389 562 2454 patre
578 2388 680 2438 natum.

90 2459 159 2514 Cum
176 2459 279 2514 referre
296 2477 380 2528 negas
398 2461 471 2529 quali
489 2461 526 2514 sit
543 2460 658 2528 quisquc
676 2460 791 2527 parente

90 2535 179 2590 Natus
198 2536 264 2591 dum
281 2537 422 2605 ingenuus,
441 2536 589 2606 persuades
606 2536 657 2588 hoe
674 2533 726 2588 tibi
743 2549 816 2599 rere,

90 2614 166 2666 Ante
182 2616 348 2681 potestatem
366 2612 437 2666 Tulli
454 2615 537 2680 atquc
554 2611 672 2680 ignobile
688 2624 804 2678 regnum

89 2683 191 2741 Multos
209 2705 292 2758 saepe
309 2690 381 2743 viros
398 2687 480 2742 nullis
497 2686 647 2754 majoribus
667 2688 742 2739 ortos
926 2705 947 2743 ιο

89 2759 125 2815 Et
143 2763 242 2817 vixisse
259 2764 359 2833 probos
377 2764 474 2832 amplis
492 2767 522 2816 et
538 2761 685 2815 honoribus
702 2762 814 2823 auctos3

88 2836 188 2891 Contra
207 2839 362 2907 Laevinum,
382 2839 476 2892 Valeri
493 2853 579 2905 genus
596 2837 669 2890 unde
688 2833 821 2903 superbus

88 2909 248 2980 Tarquinius
265 2931 348 2981 regno
366 2915 461 2982 pulsus
478 2914 556 2981 fugit,
574 2913 653 2966 unius
671 2911 739 2964 assis

88 2983 149 3037 Non
166 3002 286 3054 unquam
303 2991 393 3055 pretio
411 2989 496 3056 pluris
514 2987 629 3054 licuisse,
647 2988 763 3040 notante

88 3057 186 3112 dudice
203 3076 257 3127 quo
274 3062 347 3112 nosti
364 3062 471 3128 populo,
490 3061 536 3127 qui
555 3061 655 3113 stultus
672 3060 788 3114 honores
912 3049 943 3117 ιε’

87 3129 174 3199 Saepe
184 3131 240 3204 ¹dat
256 3132 374 3200 indignis
391 3138 421 3188 ct
436 3135 526 3186 famae
543 3134 627 3189 seruit
642 3135 761 3205 ineptus,
