2036 3416
323 109 528 160 oAnMINUM
544 111 566 159 1.
585 115 623 172 21,
643 115 682 163 aa.
899 101 929 150 1⁵

177 189 329 245 Conditum
346 187 409 255 levi,
428 189 510 244 datus
527 190 556 242 in
573 191 682 245 theatro

214 265 284 318 Cum
302 263 354 317 tibi
372 266 488 330 plausus,

177 340 250 394 Care
268 340 413 394 Maecenas
431 356 523 408 eques,
540 343 573 394 ut
590 341 698 409 paterni
913 347 928 386 ὅ

177 415 314 469 Fluminis
331 415 407 484 ripae
425 417 505 470 simul
523 419 553 469 et
566 415 660 484 jocosa

179 489 323 543 Redderet
341 489 436 543 laudes
452 490 504 544 tibi
523 491 648 545 Vaticani

215 563 319 618 Montis
335 564 433 632 image.

179 637 336 694 Caecubum
354 644 384 694 et
400 640 477 708 prelo
495 639 627 695 domitam
646 641 747 696 Caleno

180 714 223 766 Tu
239 715 319 770 bibes
335 732 429 770 uvam:
447 732 509 769 mea
525 733 576 770 nec
594 715 727 772 Falernae
905 725 927 760 ¹⁰

180 787 346 856 'temperant
362 791 433 844 vites
450 807 539 860 neque
558 792 695 846 Formiani

216 862 317 918 Pocula
334 865 422 918 collos.
499 919 506 932 ,

464 1007 544 1063 ΧΧΙ.

180 1087 303 1141 Dmnnur
319 1089 431 1141 tenerae
449 1087 532 1142 dieite
549 1089 674 1158 virgines,

181 1162 333 1229 Intonsum‚
351 1163 437 1230 pueri,
456 1163 539 1218 dicite
558 1165 702 1232 Cynthium

217 1237 403 1306 Latonamque
420 1254 546 1304 supremo

251 1313 386 1366 Dilectam
404 1313 513 1380 penitus
532 1313 603 1369 Jovi.

183 1386 241 1439 Vos
257 1386 357 1439 laetam
374 1385 463 1439 fluviis
481 1391 510 1440 et
527 1403 668 1442 nemorum
686 1406 769 1455 coma,
914 1399 929 1440 a

183 1460 366 1528 Quaecunque
383 1464 432 1514 aut
448 1460 539 1528 gelido
556 1463 693 1530 prominet
711 1462 811 1532 Algido

218 1535 311 1602 Nigris
328 1539 376 1588 aut
393 1537 552 1604 Erymanthi

252 1611 331 1664 Silvis
349 1614 397 1664 aut
413 1612 507 1666 uiridis
526 1612 622 1680 Cragi3

184 1687 241 1744 Vos
259 1686 359 1754 Tempe
376 1687 493 1740 totidem
510 1687 598 1744 tollito
616 1688 743 1742 laudibus

185 1761 375 1830 Natalemque,
393 1779 489 1828 mares,
509 1761 597 1817 Delon
615 1763 755 1832 Apollinis,
903 1778 926 1818 ιο

219 1838 414 1906 Insignemque
431 1838 560 1906 pharetra

253 1913 440 1982 Fraternaque
457 1915 601 1968 humerum
618 1915 682 1984 lyra

185 1987 240 2042 Hic
257 1987 360 2042 bellum
378 1989 556 2058 lacrimosum,
574 1990 617 2044 hic
634 1991 760 2044 miseram
777 1992 876 2044 samem

185 2063 349 2133 Pestemque
366 2081 383 2118 a
399 2066 498 2133 populo
516 2069 545 2120 et
562 2065 683 2134 principe
702 2065 817 2120 Caesare
835 2064 862 2117 iu

219 2140 316 2194 Persas
333 2143 416 2208 atque
435 2141 581 2194 Britannos
905 2153 927 2194 1⁵

230 2213 233 2218 ’
252 2215 354 2270 Vestra
370 2219 460 2270 motus
478 2220 541 2284 aget
557 2231 644 2286 prece

458 2359 554 2415 XXII.

185 2444 312 2498 inruens
329 2444 402 2500 vitae
419 2444 583 2512 scelerisque
600 2461 684 2514 purus

183 2521 210 2573 N
212 2537 246 2574 on
263 2523 329 2590 eget
346 2520 451 2574 Mauris
464 2519 563 2588 jaculis
580 2537 670 2589 neque
687 2536 749 2576 arcu

184 2595 243 2649 Nec
259 2595 400 2650 venenatis
417 2595 530 2663 gravida
547 2597 662 2664 sagittis,

218 2670 311 2738 Fusae,
329 2671 466 2740 pharetra,
609 2725 613 2732 ,

183 2744 246 2798 Sive
263 2762 314 2814 per
331 2745 425 2814 Syrtes
441 2745 496 2800 iter
512 2749 652 2801 aestuosas

182 2819 245 2874 Siue
262 2821 383 2874 facturus
399 2837 451 2889 per
467 2821 657 2890 inhospitalem

182 2894 332 2950 Caucasum
348 2896 391 2950 vel
409 2913 478 2964 quae
496 2897 555 2951 loca
572 2896 710 2951 fabulosus

216 2970 327 3025 Lambit
346 2970 499 3039 Hydaspes.

179 3043 307 3116 Namque
324 3063 369 3100 me
387 3046 454 3099 silva
471 3046 551 3114 lupus
568 3046 596 3098 in
615 3045 722 3114 Sabina,

180 3119 255 3174 Dum
272 3137 361 3176 meam
379 3125 459 3174 canto
479 3121 597 3186 Lalagen
616 3125 644 3174 et
662 3125 735 3175 ultra
906 3129 926 3165 1⁰
