2044 3416
89 113 134 162 196
367 111 522 162 Hortum
538 111 667 161 russel

88 191 234 247 Admisoet
249 209 320 248 nova
337 208 407 262 quse
424 193 532 262 genitor
548 179 710 262 prddumerit
725 205 799 246 usus

88 266 243 321 Vehemens
260 271 290 321 et
307 267 428 337 liquidus
444 283 567 336 puroque
585 267 736 320 simillimus
752 264 825 320 amni
905 281 944 322 iso

90 341 199 397 Fundet
215 360 282 412 opes
301 343 464 412 Latiumque
480 342 576 396 beabit
593 341 678 395 divite
695 341 803 410 lingua3

90 418 269 473 Luxuriantia
286 423 447 489 compescet,
464 419 544 472 nimis
562 433 659 486 aspere
676 432 741 471 sano

91 493 207 550 Lerebit
224 494 307 563 cultu,
325 495 427 548 virtute
445 493 565 547 carentis
581 493 668 561 tollet,

91 570 225 626 Ludentis
242 571 360 640 speciem
378 569 457 623 debit
474 573 503 622 et
520 568 702 637 torquebitur,
720 568 753 621 ut
770 569 817 638 qui

92 646 117 699 N
120 663 171 700 unc
190 646 324 714 Satyrum,
342 661 413 698 nune
430 647 568 712 agrestem
586 643 702 713 Cyclopa
719 648 850 697 movetur.
907 657 945 696 uss

92 721 273 776 Praetulerim
292 721 408 789 scriptor
424 720 528 774 delirus
545 719 672 787 inersque
688 718 783 785 videri,

92 796 165 851 Dum
183 813 244 852 mee
261 796 400 850 delectent
417 795 489 850 mula
507 811 551 850 me
568 795 611 848 vel
630 794 746 862 denique
764 793 868 859 fallent,
889 859 891 864 Ι

93 873 180 936 Quam
198 887 294 940 sapere
312 874 341 924 et
358 870 437 938 ringi.
471 871 538 924 Fuit
554 869 628 924 haud
645 868 770 936 ignobilis
788 867 880 936 Argis,

93 948 146 1014 Qui
164 963 194 1002 se
212 946 343 1002 credebat
359 946 443 1000 miros
460 946 555 1000 audire
572 945 724 1013 tragoedos,

94 1024 129 1078 In
145 1039 229 1078 veeuo
245 1023 335 1077 laetus
351 1037 439 1076 sessor
455 1022 618 1090 plausorque
637 1020 759 1086 theotro;
908 1033 947 1075 rso

94 1100 211 1155 (laetere
228 1099 275 1168 qui
292 1099 366 1152 vitae
383 1101 505 1151 servaret
521 1096 614 1150 munia
629 1099 704 1149 recto

94 1177 179 1242 More,
196 1175 283 1230 bonus
300 1191 365 1228 sane
382 1174 493 1240 vicinus,
510 1171 633 1226 amabilis
651 1171 754 1240 hospes,

95 1252 186 1306 Comis
202 1252 231 1305 in
247 1266 368 1316 uxorem,
387 1252 480 1318 posset
497 1249 543 1316 qui
561 1248 701 1316 ignoscere
719 1246 803 1302 servis

94 1327 132 1382 Et
150 1327 226 1395 signo
243 1325 316 1379 laeso
332 1341 386 1378 non
404 1323 523 1378 insanire
540 1323 659 1390 lagenae,

95 1403 193 1458 Posset
210 1403 257 1472 qui
274 1417 370 1470 rupem
388 1404 418 1455 et
434 1403 548 1468 puteum
564 1399 653 1452 vitare
670 1400 816 1466 petentem.
909 1411 950 1451 12⁵

95 1478 150 1533 Ilio
168 1477 217 1535 ubi
232 1481 408 1545 cognatorum
426 1473 524 1544 opibus
541 1473 667 1542 curisque
685 1473 805 1526 refectus

95 1554 206 1624 Expulit
217 1551 356 1608 helleboro
367 1551 491 1607 morbum
505 1548 643 1616 bilemque
660 1563 767 1602 meraco

95 1630 134 1684 Et
149 1630 224 1684 redit
241 1629 277 1683 ad
295 1644 369 1682 sese:
387 1626 520 1679 “Polme
537 1623 681 1690 occidistis,
697 1622 783 1691 amici,

96 1705 159 1760 Nou
178 1704 331 1770 servastis,'’
349 1702 396 1768 ait,
415 1701 477 1754 “cui
496 1701 534 1754 sio
552 1703 661 1754 extorta
678 1698 802 1768 voluptas

96 1781 134 1836 ut
151 1780 278 1848 demptus
295 1777 416 1846 pervim
433 1777 534 1830 mentis
551 1774 721 1844 gratissimus
738 1771 838 1828 error.¹'
913 1788 952 1828 no

96 1856 233 1912 Nimirum
251 1869 347 1922 sapere
365 1855 409 1906 est
425 1851 541 1920 abjectis
558 1850 627 1905 utile
642 1849 729 1920 nugis,

97 1933 135 1987 Et
151 1929 345 2000 tempestivum
361 1927 455 1997 pueris
472 1926 621 1980 concedere
638 1925 748 1989 ludum;

98 2010 212 2064 Aenon
230 2004 316 2060 verba
332 2003 410 2072 sequi
428 2002 529 2056 fidibus
544 2001 710 2056 modulanda
728 2000 841 2066 Latinis,

98 2084 154 2139 Sed
171 2098 253 2138 verae
272 2095 455 2150 numerosque
473 2077 623 2146 modosque
641 2076 763 2130 ediscere
780 2075 860 2128 vitae,

98 2159 231 2224 Quocirca
246 2173 352 2211 meeum
370 2155 467 2224 loquor
483 2153 550 2206 huec
567 2153 722 2221 tacitusque
739 2150 882 2204 recordor:
916 2165 954 2206 115

98 2235 149 2288 “Si
166 2233 219 2287 tibi
235 2231 310 2285 nulla
328 2230 402 2285 sitim
420 2229 512 2284 finiret
528 2229 606 2296 eopia
623 2227 754 2296 lymphae,

98 2311 126 2366 N
127 2322 233 2363 errares
249 2305 376 2371 medicis;
394 2305 468 2374 quod
486 2307 588 2374 quanto
605 2303 686 2372 plura
702 2300 805 2370 perusti

99 2387 186 2443 'lanto
203 2382 283 2453 plura
300 2381 384 2450 cupis,
402 2379 503 2434 nulline
521 2379 634 2433 faterier
650 2377 752 2433 eudes?
802 2373 806 2378 ’

99 2463 129 2518 Si
147 2460 244 2516 vulnus
260 2456 312 2512 tibi
329 2459 480 2510 monstrata
497 2455 589 2508 radice
606 2453 648 2507 vel
666 2452 752 2507 herbe

99 2539 126 2593 N
128 2555 163 2592 on
179 2537 261 2590 fieret
277 2532 371 2601 levius,
389 2531 498 2600 fugeres
515 2530 608 2584 radice
625 2528 669 2582 vol
686 2526 771 2584 herba
917 2541 954 2581 151

101 2613 264 2670 Proficiente
280 2608 348 2664 nihil
367 2607 496 2662 curerier.
531 2605 676 2673 Audierss,
694 2602 757 2658 cul·

101 2689 171 2744 Rem
189 2688 218 2741 di
235 2687 369 2741 donarent
386 2683 425 2736 illi
443 2679 577 2735 decedere
595 2695 707 2749 pravom

101 2764 252 2821 Stultitiem
261 2781 268 2828 ;
286 2765 393 2815 etcum
410 2758 447 2812 sis
464 2756 549 2810 nihilo
567 2756 716 2825 sapientior
733 2771 768 2810 ex
785 2769 839 2824 quo

101 2840 212 2894 Plenior
229 2854 266 2905 es,
284 2840 377 2890 tamen
392 2833 480 2887 uteris
497 2831 677 2885 monitoribus
693 2830 800 2885 isdeml

103 2917 144 2969 At
161 2916 185 2967 si
203 2913 316 2966 divitiae
333 2909 498 2978 prudentem
515 2907 634 2960 reddere
651 2910 771 2976 possent,
921 2921 959 2963 15⁵

103 2988 133 3040 Si
150 2987 278 3054 cupidum
295 2984 476 3050 timidumque
494 2983 583 3034 minus
600 2986 637 3048 te,
655 2997 756 3051 nempe
772 2982 886 3036 rubores

104 3060 218 3111 Viveret
235 3059 264 3110 in
281 3059 364 3111 terris
380 3062 410 3110 te
428 3058 451 3109 si
469 3057 531 3124 quis
548 3057 654 3110 avarior
671 3073 732 3113 une.

105 3131 134 3184 Si
150 3130 290 3196 proprium
307 3133 351 3182 est
368 3129 442 3194 qnod
459 3130 521 3194 quis
537 3130 608 3185 libra
624 3136 763 3186 mereatur
779 3137 809 3185 et
825 3149 899 3198 aere,
