2008 3416
305 105 519 156 SATIRARUM
536 104 574 152 II.
593 104 617 154 5.
850 107 895 157 149

44 181 233 256 Captatcrque
250 185 329 240 dabit
346 186 417 238 risus
435 186 534 239 Nasica
553 183 681 238 Corano?

45 263 139 316 “Num
156 263 246 316 furis?
263 278 299 314 an
315 261 436 330 prudens
453 262 526 315 ludis
543 279 588 316 mc
606 262 721 316 obseura
738 263 859 318 canendo
869 265 895 320 l’!

45 337 86 391 “0
106 337 267 404 Laertiade,
285 336 419 406 quidquid
436 337 525 391 dicam
542 341 591 391 aut
608 338 662 391 erit
678 342 727 392 aut
743 355 814 394 non:
858 389 861 394 .

44 412 174 466 Divinare
192 413 294 466 etenim
311 429 427 480 magnus
444 413 512 466 mihi
529 413 615 467 donat
634 413 756 482 Apollo.'’
870 430 896 476 co¹

45 488 141 552 “Quid
159 491 253 541 tamen
270 488 324 541 ista
340 488 408 541 velit
425 487 477 541 sibi
494 488 594 555 fabula,
613 488 636 541 si
654 488 725 553 licet,
743 488 817 542 ede.''

44 563 201 632 “Tempore
219 578 273 632 quo
287 562 397 630 juvenis
416 562 525 616 Parthis
541 563 702 631 horrendus,
720 563 755 617 ab
773 563 829 618 alto

45 637 202 692 Demissum
220 654 306 706 genus
324 638 429 705 Aenea,
447 639 547 692 tellure
564 638 689 707 merique

45 713 163 782 Magnus
180 714 241 781 erit,
259 713 325 768 ferti
342 713 427 767 nubet
444 729 557 782 procera
575 714 681 766 Corano

46 787 114 843 lilia
132 789 251 843 Nasicae
268 789 416 842 metuentis
433 789 551 842 reddere
568 788 682 843 eoldum.
873 805 897 845 es

47 863 112 918 'lum
131 864 218 933 gener
235 864 286 918 hoc
303 865 399 918 faciet:
417 863 525 917 tabulas
543 879 635 917 socero
652 863 731 918 dabit
748 868 832 934 atque

10 985 11 998 t
47 938 84 993 Ut
103 940 182 1009 legat
200 939 305 1005 orabit;
322 939 439 993 multum
457 939 557 992 Nasica
573 943 685 1007 negatas

10 1051 11 1056 κ
47 1015 173 1085 Accipiet
190 1015 303 1070 tandem
321 1019 351 1069 et
367 1015 466 1068 tacitus
483 1014 565 1083 leget,
582 1015 757 1084 invenietque

47 1089 91 1144 Nil
110 1091 164 1146 sibi
182 1091 305 1159 legatum
321 1093 432 1159 praeter
448 1090 556 1157 plorare
573 1089 689 1156 suisque.

48 1165 120 1220 Illud
138 1167 175 1221 ad
191 1165 260 1238 haee
272 1165 370 1234 jubeo:
389 1165 488 1218 mulier
505 1166 529 1218 si
545 1165 618 1218 forte
635 1163 728 1217 dolosa
873 1180 896 1219 rc

9 1241 11 1306 J
48 1233 210 1296 Libertusve
228 1257 320 1295 senem
339 1241 455 1293 delirum
476 1243 619 1308 temperet,
637 1239 691 1292 illis

9 1313 10 1362 ἶ
49 1317 171 1370 Accedes
190 1315 412 1383 sociiu31audes‚
429 1314 548 1368 lauderis
565 1318 598 1368 ut
615 1315 719 1368 absens,

49 1392 171 1460 adjuvat
188 1391 240 1444 hee
257 1406 371 1459 quoque,
390 1389 440 1443 sed
457 1390 540 1442 vincit
557 1389 637 1458 longe
654 1389 730 1458 prius
748 1390 836 1458 ipsum
889 1451 897 1462 ‚

49 1466 212 1535 Expugnare
229 1470 317 1534 caput.
353 1465 460 1520 Scribet
477 1466 548 1518 mala
565 1464 684 1519 carmina
700 1481 809 1520 vecors:

49 1541 178 1596 Laudato.
214 1541 354 1595 Scortator
371 1541 437 1596 erit:
455 1545 566 1594 cavete
584 1544 676 1608 roget;
693 1541 766 1594 ultro
873 1557 896 1596 75

47 1617 213 1686 Penelopam
231 1616 317 1669 facilis
334 1617 434 1686 potiori
452 1616 554 1670 trade.'’
584 1616 747 1670 “Putasnel

51 1692 165 1747 Perduci
182 1691 286 1762 poterit
302 1695 361 1746 tam
377 1692 450 1758 frugi
467 1695 580 1760 tamque
596 1691 704 1760 pudica,

8 1793 9 1796 ¹
51 1767 134 1830 Quam
152 1768 284 1836 nequiere
300 1767 375 1836 proci
393 1771 469 1820 recto
487 1767 625 1835 depellere
643 1765 757 1821 cursui'’

50 1843 155 1898 “Venit
173 1844 246 1897 euim
264 1859 391 1910 magnum
410 1841 528 1895 donandi
545 1859 627 1910 parca
639 1842 779 1911 juventus,

51 1917 107 1972 Nec
124 1923 233 1974 tantum
251 1919 364 1986 veneris,
383 1921 514 1986 quantum
532 1917 653 1970 studiosa
670 1918 781 1972 erilinae.
873 1935 898 1974 so

50 1991 93 2048 Sic
109 1995 160 2048 tibi
178 1993 315 2062 Penelope
332 1993 404 2060 frugi
423 1996 473 2060 est,
492 2009 562 2062 quae
580 1993 603 2045 si
621 1993 705 2046 semel
722 2008 776 2045 uno

51 2067 92 2123 De
109 2087 173 2125 sene
190 2068 309 2138 gustarit
326 2071 418 2122 tecum
436 2069 538 2136 partita
554 2067 689 2136 lucellum,

50 2142 89 2198 Ut
107 2146 180 2199 canis
198 2162 215 2198 a
231 2145 303 2198 corio
320 2159 460 2212 nunquam
477 2142 677 2197 absterrebitur
692 2144 782 2196 uncte.

51 2217 97 2273 Me
109 2211 172 2274 sene
185 2220 259 2290 quod
271 2219 360 2273 dicam
371 2220 474 2273 factum
487 2222 544 2272 est:
561 2235 629 2272 anus
640 2217 763 2288 improbe
774 2217 874 2274 Thebis
925 2221 927 2226 '

52 2293 92 2348 iix
108 2299 272 2351 testamento
291 2295 329 2349 sic
346 2299 389 2349 est
406 2295 491 2349 elata:
510 2295 626 2348 cadaver
872 2309 896 2348 se

51 2369 168 2426 Unctum
185 2371 245 2425 oleo
263 2371 338 2439 largo
355 2370 437 2424 nudis
454 2369 575 2423 humeris
592 2369 657 2424 tulit
672 2369 758 2438 heres,

52 2444 156 2501 Scilicet
173 2447 245 2500 elabi
263 2447 286 2500 si
304 2450 398 2515 posset
414 2449 537 2510 mortua3
555 2445 637 2499 credo

52 2521 127 2584 Quod
144 2522 257 2575 nimium
275 2521 415 2575 institerat
432 2520 542 2574 viventi.
578 2521 681 2574 (lautus
698 2520 787 2575 adito:

51 2595 111 2650 Neu
128 2597 201 2651 desis
212 2612 318 2666 *operae
334 2612 403 2650 neve
420 2596 615 2650 immoderatus
630 2595 759 2648 abundes.

52 2671 192 2726 Difficilem
210 2676 241 2726 et
257 2687 394 2725 morosum
412 2671 532 2724 offendet
548 2669 672 2738 gamrlus
689 2669 777 2734 ultr0;
872 2684 896 2725 so

51 2746 109 2802 Non
127 2748 211 2802 etiam
229 2747 316 2802 sileas.
352 2746 445 2800 Davus
463 2747 500 2800 sis
518 2746 635 2800 comicus
652 2747 735 2812 atque

51 2821 109 2879 Stes
126 2824 218 2892 capite
235 2822 352 2892 obstipo,
369 2821 486 2875 multum
504 2819 599 2873 similis
619 2819 759 2873 metuenti.

52 2896 186 2970 Obsequio
202 2915 343 2967 grassare3
360 2913 447 2964 mone,
467 2896 490 2950 si
507 2895 642 2950 increbuit
658 2911 732 2962 aura,

52 2973 149 3029 (lautus
166 2975 208 3028 uti
225 2975 299 3028 velet
317 2991 409 3028 carum
427 2977 523 3042 ceput;
541 2971 655 3026 extrahe
672 2969 755 3023 turba

52 3047 186 3118 Oppositis
203 3050 340 3114 humeris3
358 3065 452 3102 aurem
470 3047 624 3114 substringe
642 3045 754 3113 loquaci.
872 3057 896 3098 ot

52 3119 224 3194 Importunus
241 3128 316 3179 amat
332 3123 453 3188 laudam
470 3123 556 3175 denec
573 3121 634 3176 Ohe
646 3119 724 3188 jam!
