2008 3416
335 77 550 142 snrmaauu
566 79 591 129 1.
609 83 633 129 a.
864 77 914 124 rar·

51 158 150 216 Terret
169 159 229 212 fixa
245 159 378 226 vetatque
394 161 471 213 novis
489 161 630 214 considere
648 159 674 210 in
693 155 788 210 hortis.

15 252 17 261 ·
52 233 113 288 Huc
131 236 215 304 prius
233 235 356 302 augustis
375 235 464 302 ejecta
481 236 614 290 cadavera
629 233 703 287 cellis

52 309 210 364 Conservus
229 309 278 362 vili
295 310 431 378 portanda
447 311 555 364 locabat
572 311 601 363 in
616 325 686 363 arca

52 384 111 438 Hoc
130 385 252 438 miserae
269 384 344 452 plebi
362 385 454 441 stabat
471 403 613 440 commune
631 384 793 454 sepulerum,
887 397 908 438 rc

52 459 207 514 Pantolabo
225 477 335 514 scurrae
352 461 580 530 Nomentanoque
594 461 701 529 nepoti:

51 534 128 590 Mille
148 536 238 604 pedes
255 536 285 588 in
300 536 400 604 fronte,
418 541 556 592 trecentos
573 538 668 606 cippus
685 537 714 589 in
731 551 827 602 agmm

52 611 105 665 Hic
123 611 231 665 dabat:
251 611 381 665 Heredes
399 617 603 667 monumentum
620 629 656 666 ne
674 613 842 680 sequeretur.

52 685 132 740 Nunc
151 687 220 740 licet
238 687 368 754 Esquiliis
385 687 510 742 habitare
528 688 681 742 salubribus
697 691 781 755 atque

52 764 168 830 Aggere
186 762 217 814 in
234 762 325 830 aprico
344 762 462 832 spatiari,
481 779 535 832 quo
553 761 634 815 modo
650 761 747 815 tristes
886 773 907 814 1⁵

52 838 133 892 Albis
152 838 299 891 informem
317 838 477 908 spectabant
495 837 601 892 ossibus
618 853 729 904 agrum3

53 913 121 966 Cum
139 913 211 966 mihi
227 929 282 965 non
299 915 407 968 tantum
423 914 553 982 furesque
571 915 700 982 feraeque
718 914 813 966 suetae

53 989 136 1044 Hunc
156 1005 258 1044 vexare
275 989 364 1043 locum
381 1007 462 1044 curae
479 994 544 1044 sunt
561 993 645 1058 atque
661 988 756 1054 labori,

54 1065 196 1130 Quantum
214 1065 379 1118 carminibus
397 1083 467 1134 quae
485 1068 595 1138 versant
613 1068 697 1132 atque
714 1063 826 1116 venenis

53 1139 200 1194 Humanoa
218 1140 329 1194 animos.
365 1140 424 1194 Has
442 1142 516 1194 nullo
533 1140 650 1209 perdere
667 1155 777 1208 possum
884 1154 907 1192 aa

53 1215 77 1267 N
78 1233 111 1269 ec
128 1215 280 1284 prohibere
298 1215 386 1283 modo,
405 1217 485 1270 simul
502 1233 534 1270 ac
551 1232 620 1284 vaga
637 1215 701 1268 luna
719 1215 848 1269 decorum

54 1289 175 1344 Protulit
193 1307 231 1358 os,
250 1291 317 1359 quin
333 1307 394 1344 ossa
411 1292 505 1359 legant
523 1291 676 1358 herbasque
693 1294 829 1345 nocentes.

53 1365 120 1419 Vidi
141 1369 253 1434 egomet
271 1366 350 1434 nigra
369 1367 531 1421 succinctam
550 1366 651 1420 vadere
669 1366 742 1434 palla
801 1350 809 1376 '

54 1441 199 1495 Canidiam
217 1441 334 1508 pedibus
352 1443 433 1496 nudis
453 1449 590 1511 passoque
609 1441 713 1510 capillo,

55 1516 124 1570 Cum
144 1517 252 1586 Sagana
269 1517 373 1585 majore
391 1519 557 1572 ululantem:
579 1517 665 1586 pallor
684 1521 815 1584 utrasque
884 1531 908 1570 as

56 1591 173 1646 Fecerat
191 1592 341 1647 horrendas
360 1593 498 1662 adspectu.
533 1593 660 1660 Scalpere
679 1595 782 1668 terram

55 1659 202 1736 Unguibus
222 1671 252 1722 ct
270 1668 372 1737 pullam
391 1669 522 1722 divellere
541 1667 678 1724 mordicus
697 1683 793 1734 agnam

57 1742 230 1812 Coeperunt;
249 1760 329 1797 cruor
346 1744 375 1797 in
392 1745 492 1798 fossam
511 1744 637 1798 confusus
656 1741 770 1797 atinde

58 1814 152 1872 Manes
170 1818 310 1886 elicerent,
322 1819 427 1874 animas
445 1836 576 1888 responsa
595 1819 714 1873 daturas.

58 1890 149 1947 Lauea
169 1896 200 1947 et
221 1894 324 1962 effigies
343 1898 411 1962 erat,
430 1895 518 1948 altera
536 1911 630 1948 cerea:
649 1894 737 1962 major
886 1909 908 1948 aa

59 1961 156 2037 lanea,
176 1985 246 2036 quae
263 1970 358 2038 poenis
377 1973 564 2039 compesceret
581 1968 752 2033 inferiorem

61 2042 146 2098 Cerea
163 2043 323 2113 suppliciter
341 2045 433 2099 stabat
452 2045 596 2099 servilibus
614 2047 647 2097 ut
665 2059 736 2111 quae

60 2117 124 2172 Jam
142 2120 265 2188 peritura
284 2119 379 2174 modis.
415 2121 541 2175 Hecaten
560 2122 639 2174 vocat
657 2118 751 2184 altera,
774 2133 881 2172 saevam

61 2194 158 2248 Altera
177 2193 357 2264 Tisiphonen;
376 2199 519 2264 serpentes
537 2199 621 2264 atque
639 2193 749 2248 videres
887 2243 891 2248 .

62 2268 185 2324 Infernas
202 2285 295 2324 errare
314 2287 401 2340 canes,
420 2272 579 2340 Lunamque
597 2269 742 2324 rubentem
886 2284 909 2324 as

62 2345 103 2399 Ne
121 2347 193 2400 foret
209 2347 253 2401 his
271 2347 353 2402 testis
371 2350 434 2416 post
452 2363 551 2415 magna
568 2345 656 2400 latere
675 2345 799 2415 sepulcra

62 2419 180 2474 Mentior
198 2425 228 2474 at
245 2421 270 2474 si
290 2421 358 2491 quid
375 2421 478 2476 merdis
496 2425 578 2490 caput
596 2421 722 2490 inquiner
739 2420 808 2474 albis

63 2495 217 2564 (locrorum,
232 2500 317 2565 atque
334 2497 363 2550 in
381 2514 426 2551 me
444 2497 536 2551 veniat
554 2497 666 2550 mictum
684 2500 767 2564 atque
785 2497 907 2548 cacatum

63 2571 152 2624 Julius
170 2575 201 2626 et
219 2571 324 2640 fragilis
343 2572 469 2628 Pediatia
486 2573 585 2642 furque
604 2572 736 2626 Vorenus.

62 2645 173 2715 Singula
183 2647 251 2716 quid
262 2650 427 2703 memoremi
449 2665 503 2717 quo
514 2652 598 2718 pacto
606 2647 711 2700 alterna
718 2645 862 2713 loquentes
885 2659 908 2698 ro

63 2721 182 2776 Umbrae
202 2739 263 2776 cum
283 2724 390 2791 Sagana
409 2726 567 2778 resonarent
585 2721 666 2776 triste
678 2723 707 2774 et
722 2722 838 2790 acutum,

64 2797 154 2867 thue
171 2797 229 2868 lupi
248 2799 362 2853 barbam
380 2800 472 2854 variae
489 2815 551 2852 eum
570 2797 653 2851 dente
672 2793 799 2848 colubrae

63 2873 229 2928 Abdidcrint
246 2875 343 2930 furtim
361 2876 449 2942 terris,
468 2879 498 2929 et
515 2874 632 2941 imagine
651 2887 731 2925 cerea

63 2949 173 3017 Largior
192 2950 292 3004 arserit
310 2951 388 3018 ignis,
408 2955 438 3006 et
456 2955 562 3005 utnon
580 2947 783 3004 testis-inultus

64 3023 224 3078 Horruerim
243 3041 323 3079 voces
343 3025 488 3079 Furiarum
507 3027 537 3078 et
554 3023 627 3078 facta
646 3022 775 3078 duarum:
887 3037 910 3078 15

63 3098 131 3155 Nam
149 3099 269 3169 displosa
287 3105 365 3155 sonat
379 3104 514 3168 quantum
531 3099 620 3152 vesica
637 3096 737 3167 pepedi
