2036 3416
124 88 155 136 60

397 90 549 140 HORATII
567 89 696 138 FLAGCI

262 170 331 226 (lum
347 187 399 240 per
415 171 555 226 obstantes
568 169 702 240 juvenum
719 175 843 228 catervas
970 203 985 241 5
1004 167 1005 196 ¹

261 247 320 301 Ibit
335 247 468 315 insignem
485 251 613 316 repetens
631 247 657 299 N
660 247 794 314 earchum,
1004 271 1005 274 ¹

260 323 371 377 Grande
389 328 527 377 certamen
544 321 596 376 tibi
613 321 718 391 praeda
735 323 815 378 cedat

295 398 385 466 Major
403 415 437 451 an
455 399 502 452 illi.
526 449 530 456 .

260 473 383 540 Interim,
402 473 467 526 dum
486 477 517 528 tu
535 473 637 527 celeres
656 475 770 542 sagittas

260 547 374 617 Promis,
391 549 457 602 haec
475 549 572 602 dentes
589 549 661 602 acuit
678 549 821 618 timendos,

259 624 374 678 Arbiter
391 641 498 692 pugnae
515 623 637 692 posuisse
655 624 729 678 nudo

293 699 350 753 Sub
366 699 438 768 pede
455 699 572 767 palmam
656 719 658 723 ·

259 774 367 842 Fertur,
386 779 415 828 et
432 775 486 827 leni
504 791 627 828 recreare
645 777 726 828 vento

258 849 387 917 Sparsum
405 847 525 902 odoratis
542 849 685 903 humerum
703 850 813 922 capillis,

258 924 350 989 Qualis
367 928 415 978 aut
433 923 533 978 Nireus
550 925 603 980 fuit
620 929 668 980 aut
685 942 786 995 aquosa
951 943 977 983 ιε

291 999 397 1070 Raptus
415 999 450 1055 ab
469 999 528 1056 Ida
872 996 874 1000 ’

502 1209 580 1265 ΧΧΙ.

199 1293 201 1297 ’
256 1302 370 1357 Ouum
386 1317 492 1356 mecum
510 1301 619 1355 consule
638 1300 748 1367 Manlio,

255 1378 309 1432 Seu
326 1382 359 1431 tu
376 1377 500 1446 querelas
518 1377 575 1430 sive
592 1377 664 1444 geris
677 1377 754 1443 jocos

288 1453 343 1507 Seu
360 1453 448 1506 rixam
465 1456 496 1505 et
512 1451 619 1504 insanos
637 1468 741 1504 amores

322 1528 378 1581 Seu
394 1528 508 1594 facilem,
527 1527 573 1594 pia
589 1529 670 1594 testa,
689 1543 819 1595 somnum,

254 1601 420 1671 Quocunque
437 1603 538 1656 lectum
556 1602 664 1655 nomine
682 1601 828 1656 Massicum
956 1619 973 1660 ε
1004 1601 1005 1634 ¹

252 1677 357 1745 Servas,
375 1677 478 1736 moveri
496 1677 579 1744 digna
596 1677 666 1730 bono
684 1679 737 1741 die,

286 1753 435 1819 Descende,
455 1753 570 1806 Corvino
584 1753 700 1820 jubente

321 1829 450 1882 Promere
467 1829 637 1895 languidiora
653 1828 723 1882 vina

154 1902 156 1905 ’
252 1902 315 1956 Non
332 1903 385 1970 ille,
402 1919 566 1972 quamquam
584 1903 727 1956 Socraticis
744 1903 838 1958 madet

252 1978 435 2048 sermonibus,
453 1981 483 2031 te
500 1979 625 2045 negleget
642 1977 783 2032 horridus:
943 1999 965 2037 ro
1004 1985 1005 2042 j

285 2053 421 2108 Narratur
438 2057 468 2107 et
484 2053 566 2122 prisci
585 2053 695 2106 Catonis
1004 2057 1005 2062 ’

320 2129 406 2197 Saepe
424 2145 499 2182 mero
517 2128 630 2182 caluisse
647 2129 741 2183 virtus.

252 2203 293 2257 Tu
308 2203 371 2257 lene
388 2207 554 2258 tormentum
572 2203 681 2271 ingenio
699 2204 828 2259 admoves
888 2221 893 2232 ·

252 2277 416 2346 Plerumque
434 2277 517 2342 duro;
535 2282 567 2330 tn
585 2279 747 2346 sapientium

286 2351 371 2408 Suras
389 2356 418 2406 et
435 2367 562 2406 arcanum
575 2351 669 2421 jocoso

320 2426 466 2480 Consilium
487 2429 587 2496 retegis
605 2429 713 2496 Lyaeo;

251 2499 292 2554 Tu
309 2517 385 2570 spem
402 2502 510 2558 reducis
527 2504 662 2558 mentibus
680 2505 767 2558 anxiis

251 2577 393 2646 Viresque,
411 2582 440 2638 et
457 2579 537 2632 addis
555 2582 804 2649 cornuapauper13

284 2652 351 2706 Post
368 2656 397 2706 te
414 2670 503 2722 neque
520 2655 605 2708 iratos
622 2655 752 2708 trementi

318 2728 425 2796 Regum
442 2729 531 2796 apices
548 2746 637 2798 neque
654 2731 771 2784 militurn
789 2747 870 2782 erum.
937 2747 962 2788 m

249 2803 287 2857 'Pe
306 2801 389 2856 Liber
406 2805 442 2870 et,
461 2803 484 2854 si
501 2803 573 2857 laeta
590 2803 688 2869 ederit,
708 2804 802 2857 Venus
1004 2795 1005 2820 ¹

248 2878 405 2946 Segnesque
421 2878 523 2931 nodum
541 2879 645 2932 solvere
664 2879 775 2933 Gratiae

281 2952 423 3020 Vivaeque
439 2953 591 3026 producent
608 2954 744 3020 lucernae,

316 3025 389 3082 Dum
406 3026 515 3080 rediens
531 3025 609 3093 fugat
627 3031 701 3083 astra
719 3028 852 3086 Phoebus.
