2036 3416
300 113 507 165 cARnssNUM
523 117 564 166 11.
583 120 622 168 18.
855 121 895 169 ὅθ’

409 263 520 319 XVIII.

173 345 239 400 Nou
256 345 327 400 ebur
342 361 432 414 neque
449 363 562 400 aureum

208 421 273 474 Mea
289 420 399 474 renidet
415 421 444 474 in
462 421 543 474 domo
560 421 690 489 lacunam

173 496 236 548 Non
253 494 347 548 trabes
366 496 525 564 Hymettiae

210 571 342 624 Premunt
359 570 497 623 oolumnas
513 569 612 640 ultima
628 570 728 626 recisas

174 645 287 710 Μήσας
305 661 394 713 neque
414 645 504 699 Attali
872 669 886 705 a

210 721 322 788 Ignotus
343 721 424 774 heres
443 721 545 787 regiam
563 720 690 789 occupavi
699 741 708 786 3

144 825 147 834 .
172 796 233 850 Neo
251 796 396 849 Laeoniees
415 795 483 848 mihi

208 871 329 924 Trahunt
346 870 477 924 honestae
494 886 631 939 purpuras
650 871 783 928 clientes:

174 946 215 1000 At
232 945 302 998 fides
320 949 350 999 et
369 945 462 1013 ingeni

208 1021 331 1088 Benigne
347 1037 417 1074 vena
435 1022 486 1088 est,
504 1035 707 1090 pauperemque
726 1021 804 1075 diros
860 1035 883 1076 lo

173 1096 221 1150 Me
238 1095 327 1165 petit3
344 1095 413 1148 nihil
431 1110 514 1164 snpra

206 1171 279 1224 Deos
296 1170 408 1238 leoesso,
427 1185 479 1224 nee
495 1171 639 1237 potentem
659 1169 774 1225 mooun

172 1244 303 1313 Largiore
319 1245 420 1313 flagito,
637 1254 644 1265 '

207 1320 279 1374 Setis
297 1319 395 1374 beatus
414 1319 501 1374 uniois
520 1319 636 1376 Sebiuis.

170 1394 301 1448 Truditur
320 1395 381 1448 dios
400 1394 453 1463 die,
858 1411 880 1451 rs

204 1471 353 1539 Novasque
372 1473 492 1538 pergunt
509 1469 624 1526 interire
643 1470 732 1527 lunae.

172 1545 213 1598 'Iu
231 1545 349 1599 secanda
366 1561 502 1598 marmora

205 1620 290 1673 Looes
310 1619 361 1674 snb
379 1619 469 1688 ipsum
487 1621 577 1687 funus,
597 1622 627 1673 et
645 1619 761 1687 sepulcri

170 1694 321 1749 Immemor
339 1696 422 1749 struis
440 1695 536 1748 domos

202 1771 342 1839 Manisque
361 1770 436 1824 Baiis
454 1769 638 1838 obstrepentis
656 1784 739 1836 urges
854 1785 879 1824 so

168 1845 343 1900 summovere
363 1845 464 1912 liltore,

204 1921 304 1974 Psrum
322 1919 442 1989 locuples
462 1919 619 1974 continente
638 1918 706 1987 ripa.

169 1995 249 2063 Quid,
268 1994 343 2064 quod
362 2011 450 2063 usque
468 1995 605 2063 proximos

80 2125 90 2142 ‚
203 2069 321 2123 Revellis
339 2070 400 2137 egri
419 2070 550 2122 terminos
567 2072 596 2122 et
614 2068 689 2122 ultre

170 2143 286 2199 Limites
304 2144 444 2198 clientium
855 2158 879 2199 2⁵

203 2219 272 2273 Solis
290 2221 407 2274 avarus?
443 2219 559 2274 Pellitur
578 2220 707 2288 peternos

169 2293 203 2348 In
224 2294 285 2347 sinu
302 2295 393 2348 ferens
413 2293 479 2348 deos

201 2369 239 2423 Et
256 2385 325 2423 uxor
343 2373 373 2422 et
390 2369 432 2422 vir
450 2368 629 2438 sordidosque
648 2370 745 2434 nntos;

167 2443 250 2497 Nulla
268 2445 368 2498 certior
386 2447 478 2498 temen

202 2519 317 2587 Rnpeois
336 2519 400 2572 Orci
420 2520 475 2572 line
494 2518 633 2572 destinata
854 2529 877 2569 so

167 2593 242 2647 Aula
261 2593 376 2648 divitem
395 2596 489 2648 monet
628 2643 630 2648 .

201 2665 315 2724 Herum.
350 2668 423 2733 Quid
439 2668 513 2723 ultra
531 2667 642 2722 teudisl
679 2666 778 2733 Aequa
795 2663 877 2717 tellus

167 2741 284 2811 Pauperi
302 2743 454 2798 recluditur

201 2816 363 2887 Regumque
382 2819 481 2888 pueris,
503 2835 553 2871 neo
575 2815 685 2870 satelles
706 2812 769 2865 Orci

168 2891 303 2946 Callidum
325 2893 488 2948 Promethea
854 2899 876 2940 ao

201 2965 319 3020 Revexit
338 2984 403 3021 euro
422 2970 524 3034 eaptus,
560 2963 615 3017 Hic
633 2959 781 3029 superbum

167 3039 311 3095 I'entelum
332 3045 415 3110 etque
435 3041 541 3096 Tantali

201 3115 296 3170 Genus
314 3115 501 3178 ooeroet3l1io
520 3115 612 3171 levare
629 3113 754 3170 functum
