2008 3416
20 173 28 308 l

19 423 23 622 l

15 1207 21 1456 l

274 111 418 160 EPODON
435 111 551 169 LIBER,
572 111 609 170 15,
631 112 667 159 16.
864 109 896 154 98

157 191 286 260 inceptos,
304 190 368 243 olim
385 191 547 257 promissum
566 205 683 258 carmen,
700 189 804 244 iambos

186 267 231 319 Ad
247 266 405 319 umbilicum
423 265 567 319 adducere.

154 339 210 394 llon
227 341 309 395 aliter
327 341 417 394 Sannio
435 340 530 394 dicunt
546 341 646 394 arsisse
663 341 791 409 Bathyllo

186 417 360 470 Anacreonta
378 415 483 483 Teium,
873 432 894 472 lo

154 491 202 556 Qui
219 508 352 560 persaepe
369 507 435 545 cava
451 491 592 546 testudine
609 492 686 546 flevit
704 507 824 546 amorem

184 567 244 620 Nou
262 567 430 620 elaboratum
447 566 483 620 ad
499 567 605 634 pedem.

154 640 243 695 Ureris
259 643 319 710 ipse
335 641 433 698 miser:
451 642 547 711 quodsi
565 658 619 694 non
636 641 772 710 pulchrior
788 642 858 710 ignis

184 717 318 770 Accendit
335 716 471 771 obsessam
490 717 567 781 ilion,

153 791 245 846 Gaude
262 796 335 846 sorte
353 796 418 856 tua;
435 809 480 846 me
496 791 623 845 libertina
639 808 727 860 neque
745 809 798 849 uno
870 807 892 848 ιε

181 867 320 927 ,Contenta
337 866 445 936 Phryne
462 870 589 921 macerat
702 885 704 891 ’

439 1007 501 1062 XV.

153 1089 211 1143 Nox
229 1094 290 1144 erat
307 1093 336 1144 et
353 1090 427 1143 caclo
444 1089 567 1158 fulgebat
583 1089 649 1143 luna
665 1105 760 1144 sereno

185 1166 261 1219 Inter
278 1167 383 1218 minora
399 1164 497 1233 sidera,
530 1178 532 1187 ·

152 1239 217 1294 Cum
234 1245 266 1295 tu
283 1257 443 1308 magnorum
461 1257 560 1293 numen
578 1241 684 1294 laesura
701 1240 813 1294 deorum

184 1316 217 1368 In
234 1316 318 1370 verba
330 1315 444 1384 jurabas
461 1331 546 1382 mea·

152 1389 244 1444 Artius
255 1395 338 1460 atque
349 1391 452 1444 hedera
463 1406 574 1459 procera
586 1390 765 1458 adstringitur
775 1391 838 1459 ilex,
876 1406 890 1448 o

183 1465 276 1519 Lentia
293 1466 444 1520 adhaerens
461 1465 593 1520 brachiis:

150 1539 220 1594 Dum
237 1541 327 1608 pecori
344 1541 424 1610 lupus
441 1544 471 1595 et
487 1541 577 1594 nautis
594 1541 708 1595 infestus
725 1540 808 1595 Orion

182 1615 316 1670 'l'urbaret
332 1615 474 1669 hibernum
492 1632 575 1682 mare,

149 1689 327 1758 Intonsosquc
344 1691 462 1758 agitaret
479 1691 614 1759 Apollinis
631 1708 697 1746 aura
714 1691 830 1760 capillos,

181 1765 251 1839 Fore
268 1765 340 1819 hunc
356 1782 476 1819 amorem
493 1770 626 1820 mutuum.
866 1782 888 1821 lo

147 1838 171 1892 Ο
189 1839 307 1894 dolitura
323 1857 385 1894 rnea
401 1841 517 1894 miiitum
534 1841 637 1894 virtute
655 1842 776 1896 Neaera!

180 1915 206 1968 N
207 1932 250 1968 om
269 1916 292 1968 ei
309 1916 376 1985 quid
393 1916 421 1969 in
440 1916 536 1970 Flacco
553 1916 604 1969 viri
622 1921 671 1984 est,

145 1989 207 2044 Non
224 1991 295 2044 foret
312 1991 435 2045 assiduas
452 1991 551 2059 potiori
567 1995 597 2045 te
614 1991 681 2045 dure
698 1995 798 2060 noctes,

180 2066 217 2121 Et
234 2071 347 2134 quaeret
363 2068 450 2120 iratus
466 2083 568 2134 parem,

145 2139 203 2194 Nec
220 2141 303 2194 semel
321 2141 437 2195 offensae
454 2142 534 2196 cedet
551 2141 702 2196 constantia
718 2141 828 2212 fonuae,
864 2158 887 2200 1⁵

179 2215 208 2269 Si
225 2220 316 2270 certus
332 2217 441 2270 intrarit
459 2215 542 2270 dolor.

145 2288 182 2344 Et
198 2295 237 2358 tu,
256 2292 410 2360 quicunque
427 2307 458 2345 es
474 2291 577 2345 felicior
593 2295 676 2361 atque
693 2308 754 2347 meo
770 2310 841 2349 nunc

179 2365 318 2434 Superbus
335 2367 438 2421 incedis
455 2366 533 2433 malo,

144 2439 187 2494 Sis
204 2457 302 2509 pecore
320 2445 350 2496 et
366 2442 453 2495 multa
470 2442 546 2494 dives
563 2441 661 2496 tellure
679 2442 772 2498 licebit

179 2516 294 2585 Tibique
312 2516 438 2571 Pactolus
456 2517 529 2582 fluat,
862 2535 887 2576 ro

143 2590 203 2644 Nec
220 2595 249 2644 te
268 2591 436 2660 Pythagorae
454 2591 549 2645 fallant
566 2607 663 2646 areana
680 2593 776 2662 renati,

179 2666 331 2736 Formaque
348 2669 438 2722 vincas
456 2668 548 2735 Nirea,

145 2740 224 2795 Eheu
241 2743 388 2797 translatos
404 2743 458 2797 alio
474 2742 609 2798 maerebis
626 2757 748 2798 amores:

178 2819 234 2872 Ast
251 2835 302 2887 ego
319 2818 437 2874 vicissim
454 2819 547 2874 risere.

114 3047 229 3097 Arrana
241 3043 301 3112 jam
318 3043 418 3098 teritur
424 2961 513 3097 {dds
530 3041 652 3096 civilibus
669 3045 751 3110 aetas,

146 3117 209 3172 Suis
226 3122 256 3172 et
272 3118 332 3187 ipsa
350 3119 438 3172 Roma
454 3117 646 3214 viribus-ruit:
