2036 3416
249 99 254 108 Ι
301 142 507 193 CARMINUM
524 144 576 192 111.
595 147 618 194 3.

206 220 324 288 Perjura
340 238 479 290 pugnaees
497 223 617 278 Achivos
650 217 656 228 '

199 339 201 348 s
239 295 387 350 Hectoreis
405 297 502 364 opibus
519 298 653 366 refringit,

172 369 198 424 N
200 371 336 439 ostrisque
352 373 465 426 ductum
483 372 662 426 seditionibus

172 445 278 500 Bellum
296 446 406 500 resedit.
441 446 571 501 Protinus
589 450 619 500 et
635 461 732 515 graves
857 463 881 504 eo

206 521 266 574 Irae
284 524 313 574 et
329 521 445 574 invisum
462 525 590 590 nepotem

220 641 223 648 ι
240 593 335 648 Troica
351 612 432 664 quem
449 597 558 665 peperit
575 594 701 650 saoerdos

172 668 256 724 Marti
273 670 425 735 redonabo;
441 671 519 724 illum
537 687 588 740 ego
605 669 708 724 lucidus

174 744 248 799 Inire
266 745 353 813 sedes,
370 748 472 800 ducere
489 746 608 800 nemoris

206 819 311 887 Suooos,
329 825 358 874 et
374 821 493 875 adscribi
510 821 610 890 quietis

240 895 390 950 Ordinibus
406 896 496 964 patiar
513 895 633 964 deorum.

172 966 245 1022 Dum
262 970 357 1038 longus
374 971 449 1025 inter
466 971 568 1025 saeviet
586 971 655 1026 lliou

172 1041 341 1114 Romamque
358 1049 459 1115 pontus
477 1046 599 1114 quelibet
616 1044 723 1100 exsudes

205 1118 240 1172 In
257 1125 336 1188 parte
353 1123 487 1188 regnanto
504 1119 593 1185 beati3

239 1193 312 1248 Dum
330 1194 432 1248 Priami
451 1194 612 1264 Paridisque
628 1193 710 1250 busto

172 1267 292 1323 Insultet
309 1273 463 1324 armentum
481 1273 511 1323 et
527 1269 630 1323 catulos
647 1269 721 1324 ferae

172 1343 268 1398 Celent
284 1343 388 1398 inultae
407 1347 463 1398 stet
481 1343 644 1412 Capitolium

186 1417 331 1486 -llulgens,
348 1418 579 1488 triumphatisque
596 1419 682 1487 possit

239 1492 326 1546 Roma
342 1495 420 1558 ferox
438 1493 505 1548 dare
518 1493 584 1561 jura
602 1493 697 1548 Medis

171 1565 318 1622 Horrenda
334 1569 390 1622 late
362 1572 507 1622 tuomen
523 1569 551 1622 in
569 1568 679 1622 ultimas

171 1641 308 1696 Extendat
327 1659 396 1710 oras,
414 1659 469 1711 qus
485 1643 591 1696 medius
608 1643 698 1710 liquor

203 1716 326 1772 Seoernit
344 1683 472 1786 Europen
489 1717 524 1771 ab
543 1717 619 1785 Afro,

238 1791 298 1856 Qua
314 1792 437 1846 tumidus
454 1792 526 1861 rigat
543 1808 608 1846 arva
626 1773 713 1858 Nilus,

169 1865 276 1920 Aurum
292 1866 457 1936 inrepertum
474 1871 504 1920 ot
521 1867 559 1920 sio
576 1867 673 1920 melius
690 1832 773 1922 situm

172 1939 241 1994 (lum
257 1943 333 1995 terro
350 1942 422 1996 celat
439 1957 569 2010 spernere
586 1941 682 1994 sortior
851 1955 875 1994 so

203 2014 290 2080 Quam
307 2032 405 2084 cogere
422 2016 554 2070 humanos
571 2016 600 2070 in
617 2031 682 2070 usus

237 2090 326 2144 Omne
344 2107 450 2144 suerum
467 2091 590 2159 rapiente
607 2091 713 2144 dextra

170 2162 328 2234 Quicunque
344 2165 446 2219 mundo
463 2165 596 2220 terminus
613 2164 675 2218 obst
663 2164 722 2219 titit

171 2237 253 2292 Hune
270 2243 365 2308 tangat
382 2241 472 2307 armis,
489 2241 578 2294 risere
594 2239 716 2330 gestiens

203 2313 264 2378 Quo
279 2319 359 2383 perte
377 2281 603 2370 deboobhentur'
596 2319 695 2382 ignes-,¹
851 2326 876 2368 ss

237 2387 297 2452 Qua
312 2389 428 2443 nebulee
444 2389 583 2458 pluviique
601 2405 683 2443 rores.

169 2461 225 2516 Sed
241 2461 375 2518 bellioosis
392 2465 449 2518 fate
467 2463 618 2528 Quiritibus

169 2536 230 2590 Hae
247 2537 308 2606 lege
325 2539 392 2607 dieo,
409 2556 444 2594 ne
461 2539 575 2594 nimium
591 2539 631 2608 pii

204 2611 351 2682 Rebusque
368 2613 486 2668 fidentes
503 2615 592 2670 avitae

237 2686 320 2741 'lecta
336 2688 421 2742 velint
438 2705 565 2756 reparare
583 2687 687 2742 Troiae.
850 2696 874 2736 ω

169 2757 265 2814 Troiae
282 2777 424 2817 renascens
442 2763 508 2816 alite
525 2761 634 2830 lugubri

168 2832 290 2890 Portuno
306 2837 380 2892 tristi
397 2837 475 2892 clade
492 2837 645 2902 iterabitur

202 2909 329 2966 Duoente
345 2913 401 2966 viot
401 2913 471 2966 rioes
488 2917 611 2967 catervas

237 2985 359 3055 Conjuge
376 3003 421 3041 me
439 2988 457 3040 J
459 3004 516 3040 ovis
533 2991 562 3040 et
580 2999 677 3038 sorore.

168 3054 259 3112 Per'
239 3077 262 3112 si
279 3064 405 3129 resurgat
422 3077 516 3114 murus
532 3065 632 3114 atneus
851 3073 874 3111 se

170 3137 293 3188 Auctore
312 3135 422 3190 Phoebo
438 3139 483 3189 ter
499 3137 594 3202 pereat
612 3132 681 3184 meis
