2044 3416
388 83 458 132 ARS
474 79 638 134 ΡΟΕΤῙΟΔ.
883 86 931 132 aba

13 179 15 238 l
71 161 173 215 Primo
190 176 226 214 nc
242 159 371 226 medium,
390 159 482 214 medio
500 177 536 216 ne
554 161 693 232 discrepet
704 162 796 220 imum.

13 239 14 264 ¹
73 235 119 288 'ru
137 233 208 302 quid
225 251 277 301 ego
295 237 325 288 ct
342 234 459 304 populus
476 251 583 290 mecum
603 236 744 292 desideret
760 237 837 294 audi:

13 349 14 382 3
75 309 107 362 Si
126 309 262 378 plausoris
279 325 345 378 eges
364 309 459 364 aulaea
477 311 613 365 manentis
630 315 661 365 et
678 329 765 380 usquo

13 383 14 424 1
75 384 187 440 sessuri
205 384 292 440 donec
309 388 404 458 cantor
422 384 491 440 ‘Vos
508 385 643 454 plauditc'
663 386 746 452 dicat,
898 403 932 444 ros

77 460 194 514 Aetatis
210 460 344 530 cujusque
360 459 473 514 notandi
491 465 556 515 cunt
572 461 624 516 tibi
642 478 738 530 mores,

77 534 284 604 Mobilibusque
301 535 384 590 decor
401 536 507 591 naturis
526 537 633 591 dandum
651 542 681 593 ct
696 539 786 596 anuis.¹

13 661 14 668 ,
78 611 212 668 Reddere
229 610 276 680 qui
294 627 374 666 voces
388 611 449 680 Jam
467 613 520 666 scit
537 629 606 682 puer
624 617 654 668 et
671 614 743 683 pede
761 617 836 670 certo

78 686 178 755 Signat
195 686 316 755 humum,
334 687 420 756 gestit
438 687 550 757 paribus
567 688 713 758 colludere,
732 693 762 750 ct
779 691 848 746 iram

78 762 193 830 Colligit
210 778 243 818 ac
260 763 338 831 ponit
356 765 468 830 temere,
486 766 516 818 et
533 767 657 818 mutatur
674 765 703 819 iu
722 764 810 821 horas
897 781 930 822 roo

13 827 14 850 *
79 836 229 891 Imberbus
242 836 351 905 juvenis
368 837 481 892 tandem
499 839 614 893 custode
631 844 737 896 remoto

13 995 15 1108 1

79 913 193 967 Gaudet
210 913 288 982 equis
305 912 472 982 canibusque
491 917 521 970 et
538 915 623 984 aprici
639 917 764 985 gramine
782 918 877 986 campi,

79 988 185 1042 Cereus
202 988 231 1041 in
248 988 343 1042 vitium
362 988 443 1055 flecti,
461 989 642 1044 monitoribus
658 1007 747 1060 asper,

78 1063 199 1117 Utilium
217 1063 314 1118 tardus
330 1065 459 1134 provisor,
476 1065 606 1134 prodigum
624 1066 702 1134 aeris,

78 1138 210 1193 Sublimis
227 1139 396 1208 cupidusque
413 1144 443 1194 et
460 1143 552 1194 amata
568 1140 723 1210 relinquere
740 1144 844 1212 pernix.
896 1157 930 1198 111

79 1214 226 1269 Conversis
244 1215 343 1268 studiis
360 1219 436 1270 aetas
453 1215 614 1284 animusque
631 1216 717 1270 virilis

78 1289 196 1354 Quaerit
214 1306 280 1359 opes
296 1293 326 1344 ct
342 1290 484 1359 amicitias,
501 1291 616 1346 inservit
632 1291 735 1360 honori,

78 1365 255 1420 commisisse
272 1369 351 1422 cavet
368 1366 443 1435 quod
460 1383 524 1422 mox
540 1371 648 1422 mutare
665 1367 779 1426 laboret.

77 1439 170 1495 Multa
187 1457 279 1496 senem
296 1442 510 1496 circumveniunt
526 1443 703 1513 incommoda,
720 1446 763 1498 vel
781 1445 853 1514 quod

78 1515 195 1580 Quaerit
212 1519 243 1571 et
259 1517 377 1572 inventis
393 1517 477 1572 miser
494 1517 616 1574 abstinet
631 1535 663 1574 ao
680 1521 761 1574 timet
777 1521 826 1588 uti,
894 1536 929 1578 uo

13 1611 14 1652 3
77 1590 132 1645 Vel
150 1591 225 1662 quod
242 1609 287 1646 rea
305 1609 399 1648 omnes
416 1592 513 1647 timide
531 1594 676 1663 gelideque
693 1596 835 1664 ministrat,

13 1663 14 1668 ’
77 1666 194 1735 Dilator,
212 1683 262 1737 spe
278 1667 381 1737 longus,
399 1667 479 1734 iners,
496 1669 646 1739 avidusque
663 1670 757 1741 futuri,

76 1741 210 1810 Difficilis,
229 1744 365 1812 querulus,
382 1743 508 1798 laudator
525 1746 657 1814 temporis
674 1746 728 1800 acti

76 1819 115 1872 Se
131 1835 225 1890 puero,
243 1820 390 1887 castigator
406 1836 556 1889 censorque
573 1820 714 1877 minorum.
792 1859 794 1864 -

76 1894 170 1950 Multa
185 1895 278 1949 ierunt
295 1896 358 1950 anni
375 1896 516 1950 venientes
533 1897 675 1952 commoda
690 1915 788 1969 secum,
893 1911 927 1954 115

76 1970 170 2024 Multa
186 1970 346 2026 recedentes
362 1971 494 2026 adimunt.
529 1971 556 2026 N
558 1989 574 2026 e
591 1973 662 2027 forte
680 1974 780 2028 seniles

75 2045 247 2100 Mandentur
258 2045 356 2114 juveni
373 2050 466 2115 partes
482 2063 623 2116 pueroque
640 2047 739 2116 viriles,

75 2121 193 2191 Semper
209 2121 238 2174 in
255 2121 394 2190 adjunctis
410 2137 532 2190 aevoque
549 2121 716 2176 morabimur
732 2123 810 2191 aptis

75 2197 138 2250 Aut
155 2196 247 2265 agitur
263 2213 309 2251 res
325 2197 354 2250 in
372 2197 460 2252 scenis
477 2201 526 2252 aut
543 2199 605 2252 acta
621 2197 747 2254 refertur.
792 2261 798 2271 Ι

75 2271 194 2340 Segnius
210 2271 321 2326 irritant
337 2271 442 2326 animos
459 2270 579 2328 demissa
595 2289 645 2342 per
662 2290 764 2344 aurem,
893 2291 926 2332 rao

75 2345 167 2412 Quam
184 2363 254 2416 quae
272 2350 336 2401 sunt
354 2347 439 2402 oculis
456 2347 582 2416 subjecta
598 2347 733 2418 fidelibus,
750 2353 780 2404 et
797 2367 867 2420 quae

75 2423 143 2492 Ipse
161 2423 213 2478 sibi
232 2422 319 2478 tradit
336 2426 488 2492 spectator:
512 2437 567 2478 non
584 2427 677 2480 tamen
694 2427 768 2480 intus

75 2497 169 2566 Digna
184 2499 245 2564 geri
262 2514 371 2569 promes
387 2498 416 2552 in
433 2514 549 2567 scenam,
567 2500 707 2568 multaque
725 2500 805 2554 tolles

75 2573 119 2627 Ex
136 2574 222 2631 oculis
239 2590 309 2643 quae
327 2589 391 2627 mox
408 2577 503 2628 narret
518 2574 646 2630 facundia
663 2590 798 2643 praesens

74 2649 102 2702 N
104 2665 120 2703 e
137 2665 237 2718 pueros
254 2665 345 2704 coram
362 2649 463 2718 populo
481 2649 581 2703 Medea
597 2649 724 2717 trucidet,
889 2667 921 2709 185

75 2726 136 2777 Aut
153 2722 272 2778 humana
289 2724 379 2793 palam
396 2728 496 2794 coquat
513 2728 577 2778 exta
595 2723 714 2778 nefarius
732 2726 846 2795 Atreus,

75 2801 137 2854 Aut
154 2799 183 2854 in
200 2816 278 2854 avem
297 2801 401 2856 Procne
418 2803 550 2867 vertatur,
568 2799 688 2855 Cadmus
707 2799 735 2854 in
754 2818 878 2870 anguem.

76 2873 264 2944 Quodcunque
281 2875 403 2930 ostendis
420 2875 487 2930 mihi
505 2875 543 2929 sic
559 2875 716 2930 incredulus
734 2876 786 2933 odi.

75 2949 102 3002 N
103 2965 154 3003 eve
170 2950 259 3004 minor
275 2967 330 3006 neu
347 2950 384 3004 sit
401 2950 497 3021 quinto
513 2951 672 3022 productior
689 2955 753 3006 actu

76 3024 189 3090 Fabula,
206 3042 278 3094 quae
294 3026 369 3096 posci
385 3027 445 3080 vult
461 3030 490 3080 et
508 3031 629 3095 spectata
646 3029 759 3097 reponi;
891 3043 925 3084 uo

76 3100 140 3221 Nii
153 3099 223 3154 deus
239 3101 350 3158 intersit
367 3101 419 3156 nisi
436 3100 536 3170 diguus
553 3102 659 3157 vindice
676 3102 763 3158 nodus
