2044 3416
103 133 106 140 ’
119 121 164 170 176
390 119 545 169 HORATII
561 120 691 170 FLACCI

117 197 267 254 Mntaudus
284 198 360 254 locus
377 203 420 255 est
437 204 466 255 et
483 201 640 256 deversoria
657 204 722 257 nota
965 225 994 264 re

117 275 354 343 Praeteragendus
366 293 459 345 equus
487 279 567 343 “Quo
578 279 687 332 tendisl
708 277 771 332 Non
783 279 853 333 mihi
867 281 992 338 Cumas

118 352 208 404 Est't
185 369 195 404 1
196 355 239 404 er
256 356 304 406 aut
322 352 425 420 Baias,''
443 351 520 406 laeva
537 353 722 408 stomachosus
740 353 849 408 habena
1009 359 1010 390 l

118 426 199 481 Dicet
217 445 316 496 eques3
333 428 382 482 sed
400 427 462 497 equi
481 428 588 482 frenato
606 433 650 484 est
665 431 739 484 auris
756 431 784 484 in
802 431 869 496 ore)

118 501 208 570 Major
224 508 317 557 utrum
334 504 463 572 populum
480 504 612 558 frumeuti
629 506 706 574 eopia
722 509 831 574 pascat3

119 521 286 633 Golleetosne
304 579 400 633 bibant
416 579 518 632 imbres
535 583 668 647 puteosne
685 596 821 649 perennes

118 654 200 723 Jugis
217 672 317 724 aquae;
336 657 407 722 (narn
424 655 487 708 vina
503 655 570 708 nihil
588 671 679 708 moror
695 655 767 708 illius
785 671 867 721 orae;

119 731 194 784 Rure
212 747 273 784 meo
290 747 399 799 possum
417 729 525 799 quidvis
541 731 663 799 perterre
680 731 799 799 patique,

119 805 167 858 Ad
184 822 259 858 mare
276 822 337 859 cum
354 806 416 859 veni
433 821 594 874 generosum
612 809 642 860 et
658 807 720 860 lene
736 807 855 874 requiro,

120 881 200 944 Quod
216 896 295 934 curas
312 879 412 948 abigat,
431 881 505 950 quod
522 898 583 935 cum
601 899 650 952 spe
668 882 753 936 divite
770 886 866 935 manet

120 957 155 1010 In
173 973 255 1010 venas
272 956 446 1026 animumque
463 973 561 1024 meum,
579 957 654 1026 quod
670 957 752 1011 verba
769 957 923 1025 ministret,
959 974 987 1011 ar
1012 960 1013 1024 l

120 1033 201 1096 Quod
217 1049 261 1087 me
279 1033 402 1086 Lucanae
415 1033 544 1100 juvenem
562 1033 734 1086 commendet
752 1031 873 1100 amicae.)

120 1109 234 1164 Tractus
251 1112 314 1162 uter
331 1109 422 1176 plures
440 1108 553 1177 lepores,
570 1111 634 1161 uter
651 1109 751 1162 educet
769 1125 858 1178 apros,

120 1185 193 1239 Utro
209 1185 295 1252 magis
312 1185 399 1252 pisces
416 1187 445 1237 et
463 1183 571 1237 echinos
588 1199 707 1251 aequora
724 1183 820 1252 celent,

121 1259 233 1327 Pinguis
250 1263 283 1313 ut
299 1259 364 1313 inde
382 1259 492 1311 domum
509 1259 610 1327 possim
629 1258 791 1328 Phaeaxque
808 1261 928 1328 reverti,

120 1335 245 1390 Scribere
262 1340 292 1390 te
309 1335 393 1400 nobis,
410 1333 461 1388 tibi
478 1351 528 1387 nos
545 1333 689 1388 accredere
706 1351 758 1402 par
774 1337 824 1389 est
956 1352 986 1392 as

121 1411 253 1480 Maenius,
270 1415 303 1465 ut
320 1409 402 1464 rebus
420 1409 550 1462 maternis
567 1413 651 1478 atque
668 1409 790 1478 paternis

122 1487 243 1542 Fortiter
260 1485 411 1554 absumptis
428 1483 548 1538 urbanus
565 1485 655 1552 eoepit
672 1484 775 1552 haberi,

121 1563 220 1617 Scurra
236 1579 320 1630 vagus
337 1578 391 1615 nen
408 1561 454 1629 qui
472 1564 576 1613 certum
594 1576 726 1628 praesepe
746 1563 862 1629 teneret,

121 1638 280 1708 Impransus
298 1654 352 1691 non
368 1637 416 1705 qui
433 1636 519 1689 civem
537 1635 691 1690 dinosceret
708 1636 794 1703 hoste,

122 1713 266 1778 Quaelibet
283 1713 311 1766 in
330 1711 451 1781 quemvis
469 1710 615 1779 opprobria
632 1711 735 1780 fingere
754 1727 856 1778 sacrus,
957 1717 1005 1770 so'

122 1789 259 1842 Pernicies
276 1791 305 1840 et
322 1789 470 1854 tempestas
487 1785 699 1856 barathnrmque
717 1785 830 1855 macelli,

122 1862 262 1931 Quidquid
280 1861 434 1930 quaesierat
451 1862 541 1915 ventri
560 1861 680 1916 donabat
698 1878 786 1916 avaro.

122 1938 177 1991 Hic
193 1937 241 1991 ubi
258 1937 396 2006 nequitiae
413 1936 566 1990 fautoribus
583 1941 614 1991 et
631 1937 735 1991 timidis
751 1937 790 1990 nil

123 2015 182 2067 Aut
198 2013 309 2083 paulum
327 2011 478 2066 abstulerat
494 2012 601 2079 patinas
620 2012 753 2066 coenabat
770 2012 855 2066 omasi

122 2088 192 2142 Vilis
210 2092 239 2143 et
257 2089 378 2156 agninae,
396 2086 486 2141 tribus
503 2087 574 2140 ursis
591 2087 666 2155 quod
684 2087 751 2142 satis
768 2090 856 2152 esset;
957 2107 985 2146 ss

123 2163 230 2218 Scilicet
247 2168 280 2217 ut
297 2167 406 2217 ventres
424 2162 514 2216 lamna
530 2162 665 2216 candente
683 2166 812 2231 nepotum

122 2239 234 2292 Diceret
250 2238 376 2302 urendos,
395 2241 532 2292 corrector
551 2237 668 2292 Bestius.
704 2238 785 2292 ldem

123 2313 263 2381 Quidquid
281 2317 340 2365 erat
357 2317 453 2365 nactus
470 2312 591 2380 praedae
608 2313 719 2380 majoris
736 2313 784 2366 ubi
802 2329 883 2367 omne

71 2417 74 2424 ·
122 2389 253 2443 Verterat
270 2387 298 2439 in
315 2387 419 2439 funium
437 2390 466 2440 et
483 2387 609 2454 cinerem,
633 2388 679 2440 “N
681 2404 715 2440 on
732 2387 844 2441 hercule
861 2389 980 2457 miror,”

123 2464 232 2532 Aiebat,
251 2462 292 2515 “si
310 2461 357 2530 qui
375 2461 521 2515 comedunt
538 2462 617 2526 bena,
634 2479 696 2516 eum
715 2463 751 2516 sit
769 2461 852 2518 obeso
954 2483 982 2520 so

122 2542 169 2594 Nil
186 2540 283 2594 melius
300 2537 390 2605 turdo,
407 2537 446 2591 nil
463 2537 543 2590 vulva
559 2537 699 2606 pulchrius
716 2537 827 2606 ampla”

121 2617 258 2670 Nimirum
275 2613 319 2668 hic
337 2629 387 2681 ego
405 2627 479 2677 sum3
496 2628 560 2665 nam
577 2615 638 2666 tuta
655 2618 684 2667 et
701 2613 814 2683 parrula
830 2613 914 2668 laudo

123 2691 192 2744 Gum
209 2707 253 2744 res
271 2688 409 2755 deficiunt,
428 2687 494 2740 satis
511 2687 584 2741 inter
600 2688 664 2741 vilia
680 2688 775 2754 fertis3

122 2766 226 2819 Verum
243 2764 291 2818 nbi
309 2763 376 2832 quid
393 2762 489 2815 melius
506 2763 641 2830 contingit
658 2767 687 2817 et
704 2764 812 2817 unctius
829 2762 905 2818 idem

122 2841 180 2893 Vos
198 2857 294 2910 sapere
312 2843 341 2892 et
359 2838 429 2891 solos
446 2838 489 2890 aie
506 2837 577 2891 bene
595 2839 694 2907 vivere,
712 2855 838 2908 quorum.
954 2859 981 2898 45

123 2915 295 2982 Conspicitur
311 2912 406 2966 nitidis
424 2911 538 2967 fundata
555 2914 670 2982 pecunia
686 2913 764 2968 villis
