<?xml version="1.0" encoding="UTF-8"?>
<!DOCTYPE html PUBLIC "-//W3C//DTD XHTML 1.0 Transitional//EN"
    "http://www.w3.org/TR/xhtml1/DTD/xhtml1-transitional.dtd">
<html xmlns="http://www.w3.org/1999/xhtml" xml:lang="en" lang="en">
 <head>
  <title>
</title>
<meta http-equiv="Content-Type" content="text/html;charset=utf-8" />
  <meta name='ocr-system' content='tesseract 3.04.00' />
  <meta name='ocr-capabilities' content='ocr_page ocr_carea ocr_par ocr_line ocrx_word'/>
</head>
<body>
  <div class='ocr_page' id='page_1' title='image "./quintihoratiifl01maclgoog_0115.png"; bbox 0 0 2008 3416; ppageno 0'>
   <div class='ocr_carea' id='block_1_1' title="bbox 109 111 690 166">
    <p class='ocr_par' dir='ltr' id='par_1_1' title="bbox 109 111 690 166">
     <span class='ocr_line' id='line_1_1' title="bbox 109 111 690 166; baseline -0.009 -1"><span class='ocrx_word' id='word_1_1' title='bbox 109 115 158 166; x_wconf 70' lang='lat'><strong>1⁰2</strong></span> <span class='ocrx_word' id='word_1_2' title='bbox 390 111 543 162; x_wconf 78' lang='lat' dir='ltr'>HORATII</span> <span class='ocrx_word' id='word_1_3' title='bbox 561 111 690 162; x_wconf 79' lang='lat' dir='ltr'>FLAOOI</span> 
     </span>
    </p>
   </div>
   <div class='ocr_carea' id='block_1_2' title="bbox 169 190 996 2668">
    <p class='ocr_par' dir='ltr' id='par_1_2' title="bbox 179 190 626 258">
     <span class='ocr_line' id='line_1_2' title="bbox 179 190 626 258; baseline -0.011 -10"><span class='ocrx_word' id='word_1_4' title='bbox 179 192 276 248; x_wconf 81' lang='lat' dir='ltr'><strong>Setosa</strong></span> <span class='ocrx_word' id='word_1_5' title='bbox 294 190 371 246; x_wconf 88' lang='lat' dir='ltr'><strong>duris</strong></span> <span class='ocrx_word' id='word_1_6' title='bbox 389 207 491 246; x_wconf 84' lang='lat' dir='ltr'><strong>exuere</strong></span> <span class='ocrx_word' id='word_1_7' title='bbox 508 190 626 258; x_wconf 87' lang='lat' dir='ltr'><strong>pellibus</strong></span> 
     </span>
    </p>

    <p class='ocr_par' dir='ltr' id='par_1_3' title="bbox 180 264 572 334">
     <span class='ocr_line' id='line_1_3' title="bbox 180 264 572 334; baseline -0.005 -12"><span class='ocrx_word' id='word_1_8' title='bbox 180 264 324 322; x_wconf 80' lang='lat' dir='ltr'><strong>Laboriosi</strong></span> <span class='ocrx_word' id='word_1_9' title='bbox 342 266 460 334; x_wconf 77' lang='lat' dir='ltr'>remiges</span> <span class='ocrx_word' id='word_1_10' title='bbox 477 267 572 320; x_wconf 85' lang='lat' dir='ltr'><strong>Ulixei</strong></span> 
     </span>
    </p>

    <p class='ocr_par' dir='ltr' id='par_1_4' title="bbox 179 338 880 485">
     <span class='ocr_line' id='line_1_4' title="bbox 179 338 880 406; baseline 0.006 -12"><span class='ocrx_word' id='word_1_11' title='bbox 179 338 298 396; x_wconf 78' lang='lat' dir='ltr'><strong>volente</strong></span> <span class='ocrx_word' id='word_1_12' title='bbox 316 341 395 396; x_wconf 81' lang='lat' dir='ltr'><strong>Circa</strong></span> <span class='ocrx_word' id='word_1_13' title='bbox 411 340 548 406; x_wconf 90' lang='lat' dir='ltr'><strong>membra;</strong></span> <span class='ocrx_word' id='word_1_14' title='bbox 570 343 636 395; x_wconf 89' lang='lat' dir='ltr'><strong>tunc</strong></span> <span class='ocrx_word' id='word_1_15' title='bbox 653 356 730 396; x_wconf 89' lang='lat' dir='ltr'><strong>mens</strong></span> <span class='ocrx_word' id='word_1_16' title='bbox 747 345 777 397; x_wconf 88' lang='lat' dir='ltr'><strong>ct</strong></span> <span class='ocrx_word' id='word_1_17' title='bbox 793 359 880 398; x_wconf 90' lang='lat' dir='ltr'><strong>sonus</strong></span> 
     </span>
     <span class='ocr_line' id='line_1_5' title="bbox 179 415 778 485; baseline 0.002 -13"><span class='ocrx_word' id='word_1_18' title='bbox 179 415 314 485; x_wconf 83' lang='lat' dir='ltr'><strong>Relapsus</strong></span> <span class='ocrx_word' id='word_1_19' title='bbox 331 419 415 485; x_wconf 89' lang='lat' dir='ltr'><strong>atque</strong></span> <span class='ocrx_word' id='word_1_20' title='bbox 431 419 513 470; x_wconf 89' lang='lat' dir='ltr'><strong>notus</strong></span> <span class='ocrx_word' id='word_1_21' title='bbox 530 415 558 469; x_wconf 90' lang='lat' dir='ltr'><strong>in</strong></span> <span class='ocrx_word' id='word_1_22' title='bbox 576 415 668 470; x_wconf 76' lang='lat' dir='ltr'><strong>uultus</strong></span> <span class='ocrx_word' id='word_1_23' title='bbox 685 416 778 474; x_wconf 84' lang='lat' dir='ltr'><strong>honor.</strong></span> 
     </span>
    </p>

    <p class='ocr_par' dir='ltr' id='par_1_5' title="bbox 180 489 736 560">
     <span class='ocr_line' id='line_1_6' title="bbox 180 489 736 560; baseline -0.005 -13"><span class='ocrx_word' id='word_1_24' title='bbox 180 489 253 546; x_wconf 85' lang='lat' dir='ltr'><strong>Dedi</strong></span> <span class='ocrx_word' id='word_1_25' title='bbox 271 491 339 546; x_wconf 88' lang='lat' dir='ltr'><strong>satis</strong></span> <span class='ocrx_word' id='word_1_26' title='bbox 357 507 492 560; x_wconf 89' lang='lat' dir='ltr'><strong>superque</strong></span> <span class='ocrx_word' id='word_1_27' title='bbox 509 507 659 560; x_wconf 88' lang='lat' dir='ltr'><strong>poenarum</strong></span> <span class='ocrx_word' id='word_1_28' title='bbox 676 491 736 558; x_wconf 90' lang='lat' dir='ltr'><strong>tibi,</strong></span> 
     </span>
    </p>

    <p class='ocr_par' dir='ltr' id='par_1_6' title="bbox 179 565 972 710">
     <span class='ocr_line' id='line_1_7' title="bbox 179 565 972 626; baseline 0.001 -5"><span class='ocrx_word' id='word_1_29' title='bbox 179 567 282 621; x_wconf 80' lang='lat' dir='ltr'><strong>Amata</strong></span> <span class='ocrx_word' id='word_1_30' title='bbox 299 567 389 620; x_wconf 90' lang='lat' dir='ltr'><strong>nautis</strong></span> <span class='ocrx_word' id='word_1_31' title='bbox 405 567 522 621; x_wconf 89' lang='lat' dir='ltr'><strong>multum</strong></span> <span class='ocrx_word' id='word_1_32' title='bbox 539 569 570 620; x_wconf 91' lang='lat' dir='ltr'><strong>et</strong></span> <span class='ocrx_word' id='word_1_33' title='bbox 586 565 765 623; x_wconf 82' lang='lat' dir='ltr'><strong>institoribus</strong></span> <span class='ocrx_word' id='word_1_34' title='bbox 947 586 972 626; x_wconf 82' lang='lat' dir='ltr'><strong>as</strong></span> 
     </span>
     <span class='ocr_line' id='line_1_8' title="bbox 180 639 732 710; baseline -0.004 -15"><span class='ocrx_word' id='word_1_35' title='bbox 180 641 265 710; x_wconf 76' lang='lat' dir='ltr'><strong>Fugit</strong></span> <span class='ocrx_word' id='word_1_36' title='bbox 276 640 407 709; x_wconf 82' lang='lat' dir='ltr'><strong>juventas</strong></span> <span class='ocrx_word' id='word_1_37' title='bbox 424 645 455 695; x_wconf 89' lang='lat' dir='ltr'><strong>et</strong></span> <span class='ocrx_word' id='word_1_38' title='bbox 470 639 641 694; x_wconf 81' lang='lat' dir='ltr'><strong>verecundus</strong></span> <span class='ocrx_word' id='word_1_39' title='bbox 658 639 732 694; x_wconf 85' lang='lat' dir='ltr'><strong>color</strong></span> 
     </span>
    </p>

    <p class='ocr_par' dir='ltr' id='par_1_7' title="bbox 180 714 708 786">
     <span class='ocr_line' id='line_1_9' title="bbox 180 714 708 786; baseline -0.006 -16"><span class='ocrx_word' id='word_1_40' title='bbox 180 716 305 786; x_wconf 85' lang='lat' dir='ltr'><strong>Reliquit</strong></span> <span class='ocrx_word' id='word_1_41' title='bbox 322 733 383 771; x_wconf 89' lang='lat' dir='ltr'><strong>ossa</strong></span> <span class='ocrx_word' id='word_1_42' title='bbox 399 715 471 785; x_wconf 89' lang='lat' dir='ltr'><strong>polle</strong></span> <span class='ocrx_word' id='word_1_43' title='bbox 488 714 588 770; x_wconf 90' lang='lat' dir='ltr'><strong>amicta</strong></span> <span class='ocrx_word' id='word_1_44' title='bbox 604 714 708 780; x_wconf 85' lang='lat' dir='ltr'><strong>lurida;</strong></span> 
     </span>
    </p>

    <p class='ocr_par' dir='ltr' id='par_1_8' title="bbox 173 787 695 860">
     <span class='ocr_line' id='line_1_10' title="bbox 173 787 695 860; baseline 0 -16"><span class='ocrx_word' id='word_1_45' title='bbox 173 789 244 844; x_wconf 59' lang='lat' dir='ltr'><strong>&#39;luis</strong></span> <span class='ocrx_word' id='word_1_46' title='bbox 262 791 375 860; x_wconf 82' lang='lat' dir='ltr'><strong>capillus</strong></span> <span class='ocrx_word' id='word_1_47' title='bbox 392 787 470 845; x_wconf 84' lang='lat' dir='ltr'><strong>albus</strong></span> <span class='ocrx_word' id='word_1_48' title='bbox 487 793 530 846; x_wconf 88' lang='lat' dir='ltr'><strong>est</strong></span> <span class='ocrx_word' id='word_1_49' title='bbox 547 789 695 854; x_wconf 91' lang='lat' dir='ltr'><strong>odoribus;</strong></span> 
     </span>
    </p>

    <p class='ocr_par' dir='ltr' id='par_1_9' title="bbox 169 865 769 931">
     <span class='ocr_line' id='line_1_11' title="bbox 169 865 769 931; baseline 0 -12"><span class='ocrx_word' id='word_1_50' title='bbox 169 865 207 919; x_wconf 60' lang='lat' dir='ltr'><strong>,N</strong></span> <span class='ocrx_word' id='word_1_51' title='bbox 208 865 294 920; x_wconf 90' lang='lat' dir='ltr'><strong>ullum</strong></span> <span class='ocrx_word' id='word_1_52' title='bbox 311 865 347 919; x_wconf 90' lang='lat' dir='ltr'><strong>ab</strong></span> <span class='ocrx_word' id='word_1_53' title='bbox 363 865 458 929; x_wconf 76' lang='lat' dir='ltr'><strong>labore</strong></span> <span class='ocrx_word' id='word_1_54' title='bbox 474 881 520 919; x_wconf 92' lang='lat' dir='ltr'><strong>me</strong></span> <span class='ocrx_word' id='word_1_55' title='bbox 537 865 652 919; x_wconf 78' lang='lat' dir='ltr'><strong>reclinat</strong></span> <span class='ocrx_word' id='word_1_56' title='bbox 668 865 769 931; x_wconf 79' lang='lat' dir='ltr'><strong>otinm3</strong></span> 
     </span>
    </p>

    <p class='ocr_par' dir='ltr' id='par_1_10' title="bbox 180 940 969 1086">
     <span class='ocr_line' id='line_1_12' title="bbox 180 940 969 1010; baseline 0.004 -15"><span class='ocrx_word' id='word_1_57' title='bbox 180 941 270 1010; x_wconf 83' lang='lat' dir='ltr'><strong>Urget</strong></span> <span class='ocrx_word' id='word_1_58' title='bbox 287 940 361 995; x_wconf 89' lang='lat' dir='ltr'><strong>diem</strong></span> <span class='ocrx_word' id='word_1_59' title='bbox 377 958 433 995; x_wconf 86' lang='lat' dir='ltr'><strong>nox</strong></span> <span class='ocrx_word' id='word_1_60' title='bbox 450 944 480 996; x_wconf 91' lang='lat' dir='ltr'><strong>et</strong></span> <span class='ocrx_word' id='word_1_61' title='bbox 497 941 556 994; x_wconf 91' lang='lat' dir='ltr'><strong>dies</strong></span> <span class='ocrx_word' id='word_1_62' title='bbox 572 945 689 1008; x_wconf 88' lang='lat' dir='ltr'><strong>noctem,</strong></span> <span class='ocrx_word' id='word_1_63' title='bbox 705 956 795 1010; x_wconf 89' lang='lat' dir='ltr'><strong>neque</strong></span> <span class='ocrx_word' id='word_1_64' title='bbox 812 943 858 996; x_wconf 83' lang='lat' dir='ltr'><strong>est</strong></span> <span class='ocrx_word' id='word_1_65' title='bbox 945 959 969 998; x_wconf 76' lang='lat' dir='ltr'><strong>as</strong></span> 
     </span>
     <span class='ocr_line' id='line_1_13' title="bbox 180 1016 678 1086; baseline -0.002 -14"><span class='ocrx_word' id='word_1_66' title='bbox 180 1016 285 1072; x_wconf 85' lang='lat' dir='ltr'><strong>Levare</strong></span> <span class='ocrx_word' id='word_1_67' title='bbox 302 1020 381 1072; x_wconf 86' lang='lat' dir='ltr'><strong>tenta</strong></span> <span class='ocrx_word' id='word_1_68' title='bbox 398 1017 496 1086; x_wconf 89' lang='lat' dir='ltr'><strong>spiritu</strong></span> <span class='ocrx_word' id='word_1_69' title='bbox 512 1016 678 1086; x_wconf 89' lang='lat' dir='ltr'><strong>praecordia.</strong></span> 
     </span>
    </p>

    <p class='ocr_par' dir='ltr' id='par_1_11' title="bbox 180 1091 789 1162">
     <span class='ocr_line' id='line_1_14' title="bbox 180 1091 789 1162; baseline 0 -16"><span class='ocrx_word' id='word_1_70' title='bbox 180 1092 254 1162; x_wconf 80' lang='lat' dir='ltr'><strong>Ergo</strong></span> <span class='ocrx_word' id='word_1_71' title='bbox 271 1096 399 1162; x_wconf 82' lang='lat' dir='ltr'><strong>negatum</strong></span> <span class='ocrx_word' id='word_1_72' title='bbox 417 1093 510 1146; x_wconf 82' lang='lat' dir='ltr'><strong>vincor</strong></span> <span class='ocrx_word' id='word_1_73' title='bbox 526 1095 559 1146; x_wconf 96' lang='grc' dir='ltr'><strong>ιιι</strong></span> <span class='ocrx_word' id='word_1_74' title='bbox 576 1091 686 1146; x_wconf 90' lang='lat' dir='ltr'><strong>credam</strong></span> <span class='ocrx_word' id='word_1_75' title='bbox 703 1091 789 1146; x_wconf 88' lang='lat' dir='ltr'><strong>miser</strong></span> 
     </span>
    </p>

    <p class='ocr_par' dir='ltr' id='par_1_12' title="bbox 180 1167 696 1237">
     <span class='ocr_line' id='line_1_15' title="bbox 180 1167 696 1237; baseline 0 -15"><span class='ocrx_word' id='word_1_76' title='bbox 180 1167 289 1222; x_wconf 79' lang='lat' dir='ltr'><strong>Sabella</strong></span> <span class='ocrx_word' id='word_1_77' title='bbox 305 1171 401 1237; x_wconf 89' lang='lat' dir='ltr'><strong>pectus</strong></span> <span class='ocrx_word' id='word_1_78' title='bbox 418 1168 559 1236; x_wconf 89' lang='lat' dir='ltr'><strong>increpare</strong></span> <span class='ocrx_word' id='word_1_79' title='bbox 576 1167 696 1222; x_wconf 82' lang='lat' dir='ltr'><strong>carmina</strong></span> 
     </span>
    </p>

    <p class='ocr_par' dir='ltr' id='par_1_13' title="bbox 181 1242 677 1313">
     <span class='ocr_line' id='line_1_16' title="bbox 181 1242 677 1313; baseline -0.004 -15"><span class='ocrx_word' id='word_1_80' title='bbox 181 1243 325 1313; x_wconf 81' lang='lat' dir='ltr'><strong>Oaputque</strong></span> <span class='ocrx_word' id='word_1_81' title='bbox 343 1243 435 1298; x_wconf 83' lang='lat' dir='ltr'><strong>Marsa</strong></span> <span class='ocrx_word' id='word_1_82' title='bbox 452 1242 572 1296; x_wconf 79' lang='lat' dir='ltr'><strong>dissilire</strong></span> <span class='ocrx_word' id='word_1_83' title='bbox 588 1243 677 1296; x_wconf 81' lang='lat' dir='ltr'><strong>nenia</strong></span> 
     </span>
    </p>

    <p class='ocr_par' dir='ltr' id='par_1_14' title="bbox 180 1317 995 1538">
     <span class='ocr_line' id='line_1_17' title="bbox 181 1317 966 1389; baseline 0.003 -15"><span class='ocrx_word' id='word_1_84' title='bbox 181 1319 255 1384; x_wconf 85' lang='lat' dir='ltr'><strong>Quid</strong></span> <span class='ocrx_word' id='word_1_85' title='bbox 271 1319 386 1389; x_wconf 90' lang='lat' dir='ltr'><strong>amplius</strong></span> <span class='ocrx_word' id='word_1_86' title='bbox 403 1319 464 1373; x_wconf 82' lang='lat' dir='ltr'><strong>visi</strong></span> <span class='ocrx_word' id='word_1_87' title='bbox 499 1317 523 1371; x_wconf 93' lang='grc' dir='ltr'><strong>Ο</strong></span> <span class='ocrx_word' id='word_1_88' title='bbox 541 1333 625 1385; x_wconf 85' lang='lat' dir='ltr'><strong>mare,</strong></span> <span class='ocrx_word' id='word_1_89' title='bbox 642 1335 659 1371; x_wconf 91' lang='grc' dir='ltr'><strong>ο</strong></span> <span class='ocrx_word' id='word_1_90' title='bbox 676 1321 758 1386; x_wconf 88' lang='lat' dir='ltr'><strong>terra,</strong></span> <span class='ocrx_word' id='word_1_91' title='bbox 775 1317 867 1387; x_wconf 88' lang='lat' dir='ltr'><strong>ardeo,</strong></span> <span class='ocrx_word' id='word_1_92' title='bbox 942 1337 966 1376; x_wconf 84' lang='grc' dir='ltr'><strong>ιι</strong></span> 
     </span>
     <span class='ocr_line' id='line_1_18' title="bbox 181 1393 995 1464; baseline 0.002 -14"><span class='ocrx_word' id='word_1_93' title='bbox 181 1395 319 1459; x_wconf 80' lang='lat' dir='ltr'><strong>Quantum</strong></span> <span class='ocrx_word' id='word_1_94' title='bbox 335 1411 425 1464; x_wconf 89' lang='lat' dir='ltr'><strong>neque</strong></span> <span class='ocrx_word' id='word_1_95' title='bbox 442 1397 502 1448; x_wconf 91' lang='lat' dir='ltr'><strong>atro</strong></span> <span class='ocrx_word' id='word_1_96' title='bbox 520 1393 658 1447; x_wconf 85' lang='lat' dir='ltr'><strong>delibutus</strong></span> <span class='ocrx_word' id='word_1_97' title='bbox 676 1393 810 1448; x_wconf 87' lang='lat' dir='ltr'><strong>Hercules</strong></span> <span class='ocrx_word' id='word_1_98' title='bbox 994 1404 995 1452; x_wconf 77' lang='lat' dir='ltr'><strong>l</strong></span> 
     </span>
     <span class='ocr_line' id='line_1_19' title="bbox 180 1469 686 1538; baseline -0.006 -14"><span class='ocrx_word' id='word_1_99' title='bbox 180 1469 263 1525; x_wconf 85' lang='lat' dir='ltr'><strong>Nessi</strong></span> <span class='ocrx_word' id='word_1_100' title='bbox 279 1487 381 1538; x_wconf 87' lang='lat' dir='ltr'><strong>cruore,</strong></span> <span class='ocrx_word' id='word_1_101' title='bbox 399 1485 450 1524; x_wconf 89' lang='lat' dir='ltr'><strong>nec</strong></span> <span class='ocrx_word' id='word_1_102' title='bbox 468 1469 564 1523; x_wconf 84' lang='lat' dir='ltr'><strong>Sicana</strong></span> <span class='ocrx_word' id='word_1_103' title='bbox 580 1469 686 1522; x_wconf 83' lang='lat' dir='ltr'><strong>fervida</strong></span> 
     </span>
    </p>

    <p class='ocr_par' dir='ltr' id='par_1_15' title="bbox 180 1543 822 1689">
     <span class='ocr_line' id='line_1_20' title="bbox 180 1543 822 1609; baseline 0 -11"><span class='ocrx_word' id='word_1_104' title='bbox 180 1545 281 1600; x_wconf 85' lang='lat' dir='ltr'><strong>Virena</strong></span> <span class='ocrx_word' id='word_1_105' title='bbox 297 1546 326 1600; x_wconf 90' lang='lat' dir='ltr'><strong>in</strong></span> <span class='ocrx_word' id='word_1_106' title='bbox 344 1548 436 1600; x_wconf 89' lang='lat' dir='ltr'><strong>Aetna</strong></span> <span class='ocrx_word' id='word_1_107' title='bbox 453 1545 579 1609; x_wconf 88' lang='lat' dir='ltr'><strong>flamma;</strong></span> <span class='ocrx_word' id='word_1_108' title='bbox 601 1547 635 1598; x_wconf 93' lang='grc' dir='ltr'><strong>ιιι</strong></span> <span class='ocrx_word' id='word_1_109' title='bbox 652 1545 738 1599; x_wconf 86' lang='lat' dir='ltr'><strong>donec</strong></span> <span class='ocrx_word' id='word_1_110' title='bbox 754 1543 822 1598; x_wconf 89' lang='lat' dir='ltr'><strong>cinis</strong></span> 
     </span>
     <span class='ocr_line' id='line_1_21' title="bbox 181 1620 630 1689; baseline -0.007 -13"><span class='ocrx_word' id='word_1_111' title='bbox 181 1620 324 1689; x_wconf 87' lang='lat' dir='ltr'><strong>Injuriosis</strong></span> <span class='ocrx_word' id='word_1_112' title='bbox 340 1620 433 1674; x_wconf 85' lang='lat' dir='ltr'><strong>aridus</strong></span> <span class='ocrx_word' id='word_1_113' title='bbox 450 1620 540 1674; x_wconf 84' lang='lat' dir='ltr'><strong>ventis</strong></span> <span class='ocrx_word' id='word_1_114' title='bbox 556 1620 630 1674; x_wconf 87' lang='lat' dir='ltr'><strong>ierar</strong></span> 
     </span>
    </p>

    <p class='ocr_par' dir='ltr' id='par_1_16' title="bbox 181 1694 996 1915">
     <span class='ocr_line' id='line_1_22' title="bbox 183 1694 996 1752; baseline 0.002 -2"><span class='ocrx_word' id='word_1_115' title='bbox 183 1696 262 1751; x_wconf 82' lang='lat' dir='ltr'><strong>Gales</strong></span> <span class='ocrx_word' id='word_1_116' title='bbox 279 1696 391 1750; x_wconf 84' lang='lat' dir='ltr'><strong>venenis</strong></span> <span class='ocrx_word' id='word_1_117' title='bbox 408 1695 514 1750; x_wconf 89' lang='lat' dir='ltr'><strong>officina</strong></span> <span class='ocrx_word' id='word_1_118' title='bbox 531 1694 670 1750; x_wconf 77' lang='lat' dir='ltr'><strong>Colchicis.</strong></span> <span class='ocrx_word' id='word_1_119' title='bbox 939 1711 965 1752; x_wconf 75' lang='grc' dir='ltr'><strong>ιι</strong></span> <span class='ocrx_word' id='word_1_120' title='bbox 995 1721 996 1736; x_wconf 57' lang='grc' dir='ltr'>ι</span> 
     </span>
     <span class='ocr_line' id='line_1_23' title="bbox 181 1768 864 1839; baseline 0.003 -15"><span class='ocrx_word' id='word_1_121' title='bbox 181 1771 258 1834; x_wconf 82' lang='lat' dir='ltr'><strong>Quae</strong></span> <span class='ocrx_word' id='word_1_122' title='bbox 275 1771 336 1824; x_wconf 87' lang='lat' dir='ltr'><strong>finis</strong></span> <span class='ocrx_word' id='word_1_123' title='bbox 353 1774 402 1824; x_wconf 92' lang='lat' dir='ltr'><strong>aut</strong></span> <span class='ocrx_word' id='word_1_124' title='bbox 419 1771 493 1839; x_wconf 89' lang='lat' dir='ltr'><strong>quod</strong></span> <span class='ocrx_word' id='word_1_125' title='bbox 510 1787 555 1824; x_wconf 92' lang='lat' dir='ltr'><strong>me</strong></span> <span class='ocrx_word' id='word_1_126' title='bbox 572 1774 665 1825; x_wconf 86' lang='lat' dir='ltr'><strong>manet</strong></span> <span class='ocrx_word' id='word_1_127' title='bbox 682 1768 864 1838; x_wconf 77' lang='lat' dir='ltr'><strong>stipendiumi</strong></span> 
     </span>
     <span class='ocr_line' id='line_1_24' title="bbox 181 1845 764 1915; baseline -0.002 -15"><span class='ocrx_word' id='word_1_128' title='bbox 181 1845 287 1911; x_wconf 54' lang='lat' dir='ltr'><strong>nond</strong></span> <span class='ocrx_word' id='word_1_129' title='bbox 305 1845 397 1913; x_wconf 78' lang='lat' dir='ltr'><strong>jussas</strong></span> <span class='ocrx_word' id='word_1_130' title='bbox 414 1861 476 1900; x_wconf 88' lang='lat' dir='ltr'><strong>cum</strong></span> <span class='ocrx_word' id='word_1_131' title='bbox 493 1846 549 1900; x_wconf 87' lang='lat' dir='ltr'><strong>fide</strong></span> <span class='ocrx_word' id='word_1_132' title='bbox 565 1862 667 1915; x_wconf 82' lang='lat' dir='ltr'><strong>poenae</strong></span> <span class='ocrx_word' id='word_1_133' title='bbox 684 1845 764 1914; x_wconf 89' lang='lat' dir='ltr'><strong>luam,</strong></span> 
     </span>
    </p>

    <p class='ocr_par' dir='ltr' id='par_1_17' title="bbox 182 1919 671 1990">
     <span class='ocr_line' id='line_1_25' title="bbox 182 1919 671 1990; baseline 0 -16"><span class='ocrx_word' id='word_1_134' title='bbox 182 1919 299 1975; x_wconf 85' lang='lat' dir='ltr'><strong>Paratus</strong></span> <span class='ocrx_word' id='word_1_135' title='bbox 315 1920 433 1990; x_wconf 82' lang='lat' dir='ltr'><strong>expiem,</strong></span> <span class='ocrx_word' id='word_1_136' title='bbox 451 1937 499 1976; x_wconf 85' lang='lat' dir='ltr'><strong>seu</strong></span> <span class='ocrx_word' id='word_1_137' title='bbox 516 1921 671 1990; x_wconf 86' lang='lat' dir='ltr'><strong>poposceris</strong></span> 
     </span>
    </p>

    <p class='ocr_par' dir='ltr' id='par_1_18' title="bbox 182 1995 743 2065">
     <span class='ocr_line' id='line_1_26' title="bbox 182 1995 743 2065; baseline -0.004 -15"><span class='ocrx_word' id='word_1_138' title='bbox 182 1995 299 2050; x_wconf 79' lang='lat' dir='ltr'><strong>Centum</strong></span> <span class='ocrx_word' id='word_1_139' title='bbox 311 1995 452 2065; x_wconf 81' lang='lat' dir='ltr'><strong>juvencos,</strong></span> <span class='ocrx_word' id='word_1_140' title='bbox 469 1997 526 2051; x_wconf 87' lang='lat' dir='ltr'><strong>sire</strong></span> <span class='ocrx_word' id='word_1_141' title='bbox 544 1996 668 2051; x_wconf 84' lang='lat' dir='ltr'><strong>mendaci</strong></span> <span class='ocrx_word' id='word_1_142' title='bbox 685 1995 743 2064; x_wconf 78' lang='lat' dir='ltr'><strong>lyra</strong></span> 
     </span>
    </p>

    <p class='ocr_par' dir='ltr' id='par_1_19' title="bbox 181 2070 964 2202">
     <span class='ocr_line' id='line_1_27' title="bbox 181 2070 964 2142; baseline 0 -18"><span class='ocrx_word' id='word_1_143' title='bbox 181 2070 266 2126; x_wconf 88' lang='lat' dir='ltr'><strong>Voles</strong></span> <span class='ocrx_word' id='word_1_144' title='bbox 283 2072 390 2128; x_wconf 87' lang='lat' dir='ltr'><strong>sonari:</strong></span> <span class='ocrx_word' id='word_1_145' title='bbox 413 2073 454 2126; x_wconf 87' lang='lat' dir='ltr'><strong>&#39;lu</strong></span> <span class='ocrx_word' id='word_1_146' title='bbox 469 2073 576 2142; x_wconf 80' lang='lat' dir='ltr'><strong>pudica,</strong></span> <span class='ocrx_word' id='word_1_147' title='bbox 593 2076 625 2126; x_wconf 91' lang='lat' dir='ltr'><strong>tu</strong></span> <span class='ocrx_word' id='word_1_148' title='bbox 641 2071 728 2140; x_wconf 88' lang='lat' dir='ltr'><strong>proba</strong></span> <span class='ocrx_word' id='word_1_149' title='bbox 938 2085 964 2124; x_wconf 79' lang='lat' dir='ltr'><strong>so</strong></span> 
     </span>
     <span class='ocr_line' id='line_1_28' title="bbox 182 2146 708 2202; baseline -0.002 -1"><span class='ocrx_word' id='word_1_150' title='bbox 182 2146 388 2202; x_wconf 88' lang='lat' dir='ltr'><strong>Perambulabis</strong></span> <span class='ocrx_word' id='word_1_151' title='bbox 405 2152 479 2202; x_wconf 85' lang='lat' dir='ltr'><strong>astra</strong></span> <span class='ocrx_word' id='word_1_152' title='bbox 495 2148 572 2202; x_wconf 89' lang='lat' dir='ltr'><strong>sidus</strong></span> <span class='ocrx_word' id='word_1_153' title='bbox 589 2163 708 2200; x_wconf 88' lang='lat' dir='ltr'><strong>aureum.</strong></span> 
     </span>
    </p>

    <p class='ocr_par' dir='ltr' id='par_1_20' title="bbox 182 2221 787 2277">
     <span class='ocr_line' id='line_1_29' title="bbox 182 2221 787 2277; baseline -0.002 -1"><span class='ocrx_word' id='word_1_154' title='bbox 182 2222 296 2276; x_wconf 83' lang='lat' dir='ltr'><strong>Infamis</strong></span> <span class='ocrx_word' id='word_1_155' title='bbox 314 2222 438 2276; x_wconf 88' lang='lat' dir='ltr'><strong>Helenae</strong></span> <span class='ocrx_word' id='word_1_156' title='bbox 455 2223 552 2277; x_wconf 86' lang='lat' dir='ltr'><strong>Castor</strong></span> <span class='ocrx_word' id='word_1_157' title='bbox 569 2222 685 2276; x_wconf 86' lang='lat' dir='ltr'><strong>offensus</strong></span> <span class='ocrx_word' id='word_1_158' title='bbox 702 2221 787 2276; x_wconf 80' lang='lat' dir='ltr'><strong>vicem</strong></span> 
     </span>
    </p>

    <p class='ocr_par' dir='ltr' id='par_1_21' title="bbox 182 2296 762 2366">
     <span class='ocr_line' id='line_1_30' title="bbox 182 2296 762 2366; baseline 0.002 -15"><span class='ocrx_word' id='word_1_159' title='bbox 182 2296 335 2366; x_wconf 86' lang='lat' dir='ltr'><strong>Fraterqne</strong></span> <span class='ocrx_word' id='word_1_160' title='bbox 352 2299 443 2365; x_wconf 83' lang='lat' dir='ltr'><strong>magni</strong></span> <span class='ocrx_word' id='word_1_161' title='bbox 460 2298 581 2352; x_wconf 78' lang='lat' dir='ltr'><strong>Castoris</strong></span> <span class='ocrx_word' id='word_1_162' title='bbox 598 2298 663 2352; x_wconf 82' lang='lat' dir='ltr'><strong>victi</strong></span> <span class='ocrx_word' id='word_1_163' title='bbox 680 2313 762 2366; x_wconf 85' lang='lat' dir='ltr'><strong>prece</strong></span> 
     </span>
    </p>

    <p class='ocr_par' dir='ltr' id='par_1_22' title="bbox 183 2371 686 2441">
     <span class='ocr_line' id='line_1_31' title="bbox 183 2371 686 2441; baseline -0.002 -14"><span class='ocrx_word' id='word_1_164' title='bbox 183 2371 324 2441; x_wconf 90' lang='lat' dir='ltr'><strong>Adempta</strong></span> <span class='ocrx_word' id='word_1_165' title='bbox 340 2371 397 2426; x_wconf 89' lang='lat' dir='ltr'><strong>vati</strong></span> <span class='ocrx_word' id='word_1_166' title='bbox 413 2371 560 2428; x_wconf 89' lang='lat' dir='ltr'><strong>reddidere</strong></span> <span class='ocrx_word' id='word_1_167' title='bbox 576 2373 686 2426; x_wconf 88' lang='lat' dir='ltr'><strong>lumina</strong></span> 
     </span>
    </p>

    <p class='ocr_par' dir='ltr' id='par_1_23' title="bbox 182 2447 966 2592">
     <span class='ocr_line' id='line_1_32' title="bbox 182 2447 966 2517; baseline 0 -15"><span class='ocrx_word' id='word_1_168' title='bbox 182 2447 220 2503; x_wconf 83' lang='lat' dir='ltr'><strong>Et</strong></span> <span class='ocrx_word' id='word_1_169' title='bbox 237 2450 276 2517; x_wconf 90' lang='lat' dir='ltr'><strong>tu,</strong></span> <span class='ocrx_word' id='word_1_170' title='bbox 292 2450 372 2517; x_wconf 90' lang='lat' dir='ltr'><strong>potes</strong></span> <span class='ocrx_word' id='word_1_171' title='bbox 389 2464 458 2514; x_wconf 91' lang='lat' dir='ltr'><strong>nam,</strong></span> <span class='ocrx_word' id='word_1_172' title='bbox 475 2449 550 2502; x_wconf 82' lang='lat' dir='ltr'><strong>solve</strong></span> <span class='ocrx_word' id='word_1_173' title='bbox 566 2465 612 2503; x_wconf 92' lang='lat' dir='ltr'><strong>me</strong></span> <span class='ocrx_word' id='word_1_174' title='bbox 630 2447 776 2516; x_wconf 87' lang='lat' dir='ltr'><strong>dementia,</strong></span> <span class='ocrx_word' id='word_1_175' title='bbox 941 2461 966 2502; x_wconf 73' lang='lat' dir='ltr'><strong>as</strong></span> 
     </span>
     <span class='ocr_line' id='line_1_33' title="bbox 182 2523 703 2592; baseline 0.004 -16"><span class='ocrx_word' id='word_1_176' title='bbox 182 2523 207 2576; x_wconf 92' lang='lat' dir='ltr'>O</span> <span class='ocrx_word' id='word_1_177' title='bbox 224 2539 275 2578; x_wconf 87' lang='lat' dir='ltr'><strong>nec</strong></span> <span class='ocrx_word' id='word_1_178' title='bbox 290 2523 413 2592; x_wconf 87' lang='lat' dir='ltr'><strong>paternis</strong></span> <span class='ocrx_word' id='word_1_179' title='bbox 429 2523 551 2578; x_wconf 91' lang='lat' dir='ltr'><strong>obsoleta</strong></span> <span class='ocrx_word' id='word_1_180' title='bbox 568 2523 703 2592; x_wconf 87' lang='lat' dir='ltr'><strong>sordibus,</strong></span> 
     </span>
    </p>

    <p class='ocr_par' dir='ltr' id='par_1_24' title="bbox 182 2597 867 2668">
     <span class='ocr_line' id='line_1_34' title="bbox 182 2597 867 2668; baseline -0.001 -16"><span class='ocrx_word' id='word_1_181' title='bbox 182 2597 281 2668; x_wconf 83' lang='lat' dir='ltr'><strong>Neque</strong></span> <span class='ocrx_word' id='word_1_182' title='bbox 299 2599 328 2652; x_wconf 89' lang='lat' dir='ltr'><strong>in</strong></span> <span class='ocrx_word' id='word_1_183' title='bbox 346 2598 475 2667; x_wconf 82' lang='lat' dir='ltr'><strong>sepulcris</strong></span> <span class='ocrx_word' id='word_1_184' title='bbox 491 2615 644 2668; x_wconf 89' lang='lat' dir='ltr'><strong>pauperum</strong></span> <span class='ocrx_word' id='word_1_185' title='bbox 661 2597 782 2666; x_wconf 89' lang='lat' dir='ltr'><strong>prudens</strong></span> <span class='ocrx_word' id='word_1_186' title='bbox 800 2611 867 2651; x_wconf 87' lang='lat' dir='ltr'><strong>anus</strong></span> 
     </span>
    </p>
   </div>
   <div class='ocr_carea' id='block_1_3' title="bbox 181 2673 966 3175">
    <p class='ocr_par' dir='ltr' id='par_1_25' title="bbox 181 2673 966 3175">
     <span class='ocr_line' id='line_1_35' title="bbox 182 2673 667 2743; baseline -0.002 -15"><span class='ocrx_word' id='word_1_187' title='bbox 182 2674 209 2728; x_wconf 88' lang='lat' dir='ltr'>N</span> <span class='ocrx_word' id='word_1_188' title='bbox 211 2674 366 2728; x_wconf 78' lang='lat' dir='ltr'><strong>orendiales</strong></span> <span class='ocrx_word' id='word_1_189' title='bbox 383 2673 515 2742; x_wconf 84' lang='lat' dir='ltr'><strong>dissipare</strong></span> <span class='ocrx_word' id='word_1_190' title='bbox 532 2673 667 2743; x_wconf 81' lang='lat' dir='ltr'><strong>pulverea</strong></span> 
     </span>
     <span class='ocr_line' id='line_1_36' title="bbox 182 2747 774 2818; baseline 0.002 -16"><span class='ocrx_word' id='word_1_191' title='bbox 182 2748 243 2802; x_wconf 79' lang='lat' dir='ltr'><strong>Tibi</strong></span> <span class='ocrx_word' id='word_1_192' title='bbox 260 2747 396 2818; x_wconf 81' lang='lat' dir='ltr'><strong>hospitale</strong></span> <span class='ocrx_word' id='word_1_193' title='bbox 412 2752 506 2816; x_wconf 89' lang='lat' dir='ltr'><strong>peetus</strong></span> <span class='ocrx_word' id='word_1_194' title='bbox 523 2753 555 2803; x_wconf 90' lang='lat' dir='ltr'><strong>et</strong></span> <span class='ocrx_word' id='word_1_195' title='bbox 570 2765 655 2817; x_wconf 80' lang='lat' dir='ltr'><strong>purae</strong></span> <span class='ocrx_word' id='word_1_196' title='bbox 671 2763 774 2814; x_wconf 69' lang='lat' dir='ltr'><strong>manua</strong></span> 
     </span>
     <span class='ocr_line' id='line_1_37' title="bbox 182 2823 966 2892; baseline 0 -15"><span class='ocrx_word' id='word_1_197' title='bbox 182 2823 311 2891; x_wconf 76' lang='lat' dir='ltr'><strong>Tuusque</strong></span> <span class='ocrx_word' id='word_1_198' title='bbox 327 2827 424 2877; x_wconf 87' lang='lat' dir='ltr'><strong>venter</strong></span> <span class='ocrx_word' id='word_1_199' title='bbox 441 2823 624 2892; x_wconf 83' lang='lat' dir='ltr'><strong>Pactumeius,</strong></span> <span class='ocrx_word' id='word_1_200' title='bbox 642 2827 672 2878; x_wconf 86' lang='lat' dir='ltr'><strong>et</strong></span> <span class='ocrx_word' id='word_1_201' title='bbox 688 2827 737 2878; x_wconf 89' lang='lat' dir='ltr'><strong>tuo</strong></span> <span class='ocrx_word' id='word_1_202' title='bbox 940 2836 966 2877; x_wconf 78' lang='lat' dir='ltr'><strong>so</strong></span> 
     </span>
     <span class='ocr_line' id='line_1_38' title="bbox 182 2897 765 2967; baseline 0 -15"><span class='ocrx_word' id='word_1_203' title='bbox 182 2897 286 2952; x_wconf 82' lang='lat' dir='ltr'><strong>Oruore</strong></span> <span class='ocrx_word' id='word_1_204' title='bbox 303 2897 401 2952; x_wconf 90' lang='lat' dir='ltr'><strong>rubros</strong></span> <span class='ocrx_word' id='word_1_205' title='bbox 419 2897 554 2954; x_wconf 86' lang='lat' dir='ltr'><strong>obstetrix</strong></span> <span class='ocrx_word' id='word_1_206' title='bbox 571 2915 674 2967; x_wconf 88' lang='lat' dir='ltr'><strong>pannos</strong></span> <span class='ocrx_word' id='word_1_207' title='bbox 691 2897 765 2964; x_wconf 85' lang='lat' dir='ltr'><strong>lavit,</strong></span> 
     </span>
     <span class='ocr_line' id='line_1_39' title="bbox 181 2971 692 3042; baseline 0.002 -16"><span class='ocrx_word' id='word_1_208' title='bbox 181 2971 329 3041; x_wconf 85' lang='lat' dir='ltr'><strong>Utcunque</strong></span> <span class='ocrx_word' id='word_1_209' title='bbox 346 2973 424 3027; x_wconf 82' lang='lat' dir='ltr'><strong>sortis</strong></span> <span class='ocrx_word' id='word_1_210' title='bbox 441 2975 533 3028; x_wconf 86' lang='lat' dir='ltr'><strong>exsilis</strong></span> <span class='ocrx_word' id='word_1_211' title='bbox 550 2990 692 3042; x_wconf 88' lang='lat' dir='ltr'><strong>puerpera</strong></span> 
     </span>
     <span class='ocr_line' id='line_1_40' title="bbox 217 3045 810 3116; baseline 0.007 -18"><span class='ocrx_word' id='word_1_212' title='bbox 217 3045 290 3108; x_wconf 82' lang='lat' dir='ltr'><strong>Quid</strong></span> <span class='ocrx_word' id='word_1_213' title='bbox 307 3045 441 3100; x_wconf 87' lang='lat' dir='ltr'><strong>obseratis</strong></span> <span class='ocrx_word' id='word_1_214' title='bbox 458 3049 570 3102; x_wconf 83' lang='lat' dir='ltr'><strong>auribus</strong></span> <span class='ocrx_word' id='word_1_215' title='bbox 587 3048 679 3100; x_wconf 78' lang='lat' dir='ltr'><strong>ismdls</strong></span> <span class='ocrx_word' id='word_1_216' title='bbox 695 3047 810 3116; x_wconf 82' lang='lat' dir='ltr'><strong>precesi</strong></span> 
     </span>
     <span class='ocr_line' id='line_1_41' title="bbox 182 3115 683 3175; baseline 0.006 -3"><span class='ocrx_word' id='word_1_217' title='bbox 182 3115 246 3172; x_wconf 79' lang='lat' dir='ltr'><strong>Non</strong></span> <span class='ocrx_word' id='word_1_218' title='bbox 264 3134 330 3172; x_wconf 82' lang='lat' dir='ltr'><strong>saxa</strong></span> <span class='ocrx_word' id='word_1_219' title='bbox 345 3119 425 3171; x_wconf 88' lang='lat' dir='ltr'><strong>nudis</strong></span> <span class='ocrx_word' id='word_1_220' title='bbox 442 3121 567 3174; x_wconf 84' lang='lat' dir='ltr'><strong>surdiora</strong></span> <span class='ocrx_word' id='word_1_221' title='bbox 583 3121 683 3175; x_wconf 84' lang='lat' dir='ltr'><strong>navitis</strong></span> 
     </span>
    </p>
   </div>
   <div class='ocr_carea' id='block_1_4' title="bbox 0 0 1011 3416">
    <p class='ocr_par' dir='ltr' id='par_1_26' title="bbox 0 0 1011 3416">
     <span class='ocr_line' id='line_1_42' title="bbox 0 0 1011 3416; baseline 0 0"><span class='ocrx_word' id='word_1_222' title='bbox 0 0 1011 3416; x_wconf 95' lang='lat' dir='ltr'><strong> </strong></span> 
     </span>
    </p>
   </div>
  </div>
 </body>
</html>
