2036 3416
282 151 489 204 cananeum
505 153 558 203 111.
579 155 616 215 ro,
637 155 675 204 ιι.
875 153 907 202 aa

194 235 224 292 si
240 234 311 288 flava
328 231 467 287 excutitur
484 231 569 287 Chloe

229 308 416 377 Rejeotaeque
432 310 511 376 palei
523 306 610 375 janua
627 306 730 376 Lydiae
738 321 749 362 ‘r
884 323 908 366 1

196 385 366 453 Quamquam
385 381 475 436 sidere
491 383 630 452 pulchrior

230 460 282 516 Ille
300 461 349 524 est„
366 461 400 511 tu
416 457 501 511 levior
517 457 619 512 eortioe
636 460 666 511 et
682 457 806 528 improbo

197 533 358 590 Iracundior
376 532 491 600 Hadria,

230 609 330 663 'lecum
347 607 438 662 vivere
455 623 552 674 amem,
570 609 662 661 lecum
679 604 776 662 obeam
792 606 889 664 libens.

200 822 361 878 annnnuus
378 821 480 876 'lunam
498 821 522 875 si
538 819 656 891 biberes,
674 822 753 891 Lyce,

199 899 282 951 Saevo
299 900 387 966 nupta
402 897 468 964 viro,
486 912 531 949 me
547 899 641 950 amen
657 913 769 966 asperas

199 969 357 1024 Porrectum
374 973 438 1024 ante
455 969 528 1024 fores
545 969 663 1039 objicere
680 971 774 1026 ineolis

230 1045 356 1100 Plorares
374 1044 564 1114 Aquilonibus.

201 1121 287 1177 Audis
304 1137 359 1190 quo
376 1120 495 1190 strepitu
508 1119 602 1189 janua,
620 1137 675 1190 quo
691 1138 787 1176 nemus
894 1136 907 1178 s

199 1196 277 1250 Inter
293 1196 406 1264 pulchra
423 1199 513 1250 satum
530 1199 604 1250 teca
621 1197 757 1265 remugiat

199 1271 303 1340 Ventis,
321 1275 351 1326 et
367 1271 470 1342 positas
486 1275 519 1325 ut
536 1271 636 1339 glaciet
651 1273 728 1328 niues

231 1347 304 1402 Puro
321 1347 431 1400 numine
449 1346 469 1400 J
470 1347 600 1416 uppiieri

199 1422 338 1491 Ingratam
357 1422 459 1476 Veneri
476 1439 547 1491 pone
565 1423 729 1492 superbiam,

198 1497 242 1551 lle
259 1501 385 1552 currente
401 1502 478 1552 retro
494 1497 566 1552 funis
584 1501 630 1552 eal
646 1503 715 1553 rota

198 1572 259 1626 Non
277 1577 306 1627 te
325 1573 479 1643 Penelopen
498 1572 635 1628 difficilem
651 1573 741 1643 proeis

232 1648 385 1716 Tyrrhenus
402 1648 497 1716 gennis
514 1664 621 1717 parens.

199 1721 222 1776 Ο
240 1724 363 1792 quamvis
379 1740 468 1792 neque
484 1726 514 1777 te
531 1740 645 1778 munera
661 1739 712 1777 nee
728 1740 824 1792 preces

183 1797 256 1852 -Nee
274 1799 375 1852 tinctus
392 1798 464 1852 viola
479 1798 567 1867 pallor
584 1800 735 1854 amansium

198 1871 256 1927 Nee
269 1873 316 1944 ¹uir
333 1871 425 1928 Pieria
441 1873 539 1944 pellice
556 1875 662 1929 sancius

232 1948 342 2015 (inruat,
360 1949 526 2018 supplicibus
543 1949 599 2003 tuis

198 2020 304 2091 Paneas,
322 2040 372 2077 neo
389 2024 478 2092 rigida
495 2023 601 2078 mollior
618 2023 725 2077 aesculo

198 2098 257 2152 Neo
275 2099 379 2152 Mauris
396 2100 516 2152 animum
533 2099 625 2152 mitior
642 2099 782 2165 anguibus

197 2173 259 2227 Non
276 2173 328 2227 hoo
345 2189 453 2241 semper
470 2175 524 2228 erit
540 2173 641 2227 liminis
658 2177 706 2228 aut
722 2190 810 2243 aquae

232 2247 365 2303 Caelestis
381 2249 490 2318 patiens
507 2248 586 2304 lalus.

455 2393 507 2446 XI.

197 2474 435 2541 Manem-nam
452 2479 482 2529 te
501 2473 596 2529 docilis
614 2476 745 2544 magistro

197 2550 285 2606 Movit
304 2549 442 2620 Amphion
460 2550 565 2619 lapides
582 2552 746 2620 canendo,-

198 2624 293 2694 l'uque
310 2624 421 2679 testudo
439 2640 565 2680 resonare
583 2629 689 2694 septem

232 2700 338 2754 Callida
354 2700 453 2768 nervis,

197 2773 257 2828 Neo
274 2775 374 2845 loquax
391 2775 455 2828 olim
472 2790 561 2843 neque
578 2778 664 2842 graia,
682 2789 752 2827 nuno
770 2777 799 2827 ot

197 2847 321 2903 Divitum
338 2850 440 2904 mensis
457 2853 486 2903 et
503 2850 590 2903 anrioa
606 2848 723 2914 templis

196 2921 361 2978 Diomedes
379 2923 455 2993 Lyde
472 2923 571 2992 quibus
588 2921 737 2976 obstinatas

231 2999 363 3068 Applicat
379 3015 467 3066 aures,

197 3071 274 3136 Quae
290 3073 366 3126 velul
383 3071 445 3125 latis
464 3087 535 3139 equa
551 3070 634 3125 trima
650 3070 752 3140 eampis

197 3145 283 3201 Ludii
300 3145 429 3201 exsultim
446 3144 600 3212 metusque
616 3146 692 3210 lengi
707 3191 709 3196 .
