2036 3416
342 93 547 143 cARMINUM
563 95 601 143 H.
619 99 641 142 8.

203 177 260 230 Sed
276 191 322 229 me
339 191 390 244 per
406 175 500 228 hostes
518 174 670 228 Mercurius
688 177 759 229 celer

203 251 296 304 Denso
314 253 460 318 paventem
479 249 590 303 sustulit
607 254 687 314 adre;

237 325 275 378 Tc
291 341 387 378 rursus
404 325 432 378 in
449 324 551 378 bellum
568 324 711 378 resorbens

192 404 198 410 ’
270 400 354 455 Unda
371 400 449 454 fretis
466 399 531 454 tulit
549 400 688 454 aestuosis.

202 475 276 544 Ergo
293 475 440 544 obligatam
458 473 545 528 redde
563 474 581 526 J
583 475 626 528 ovi
645 474 744 542 dapem

203 551 351 620 Longaque
368 551 469 604 fessum
487 549 585 603 militia
603 548 675 602 latus

237 626 350 694 Depone
368 625 419 680 sub
436 625 516 679 lauru
533 641 596 678 mea
612 639 664 678 nec

271 701 355 755 Parce
373 701 448 754 cadis
464 700 516 754 tibi
535 699 685 754 destinatis

205 774 338 830 Oblivioso
355 777 426 830 levia
443 776 560 830 Massico

204 851 311 906 (liboria
328 852 425 920 exple;
442 851 528 905 funde
547 851 690 922 capacibus

236 927 382 995 Unguenta
399 927 435 981 dc
453 927 566 982 conchis.
602 927 669 991 Quis
686 927 741 980 udo

270 1003 459 1072 Deproperare
476 1003 538 1071 apio
556 1019 669 1056 coronas

203 1077 319 1133 (luratve
336 1081 444 1148 myrto?
463 1095 545 1147 quem
563 1077 658 1130 Venus
675 1076 810 1130 arbitrum

202 1153 282 1207 Dicet
299 1153 430 1208 bibendil
466 1153 529 1206 Non
547 1170 597 1221 ego
616 1151 707 1206 sanius

236 1229 391 1282 Bacchabor
409 1229 527 1283 Edonis:
545 1231 656 1296 recepto

182 1331 184 1339 v
268 1303 354 1358 Dulce
370 1303 438 1357 mihi
454 1304 546 1358 furere
564 1306 607 1357 est
624 1302 718 1359 amieo.

201 1531 279 1585 Unnn
297 1531 320 1586 si
334 1530 406 1598 juris
423 1531 475 1586 tibi
492 1531 608 1601 pejerati

201 1606 298 1674 Poena,
316 1607 425 1675 Barine,
442 1608 578 1661 nocuisset
596 1623 724 1676 unquam,

200 1681 289 1736 Dente
307 1682 330 1734 si
348 1683 425 1750 nigro
444 1684 524 1736 fieres
541 1683 584 1737 vel
602 1699 656 1736 uno

233 1757 348 1826 Turpior
364 1758 455 1826 ungui,

201 1831 353 1886 Crederem.
390 1833 447 1886 Sed
463 1837 496 1887 tu
514 1834 593 1888 simul
611 1834 736 1902 obligasti
812 1841 815 1844 '

201 1905 339 1960 Perfidum
356 1908 428 1962 votis
444 1912 527 1977 eaput
544 1909 670 1962 enitescis

200 1980 339 2036 Pulchrior
356 1983 450 2052 multo,
463 1983 649 2052 juvenumque
658 1982 761 2050 aprodis

234 2056 345 2111 Publica
362 2075 434 2112 cura.

200 2130 319 2200 Expedit
336 2134 431 2187 matris
448 2134 553 2188 cineres
571 2135 679 2202 opertos

200 2205 305 2260 Fallere
322 2211 351 2261 et
369 2211 429 2262 toto
446 2209 582 2263 taciturna
598 2208 686 2262 noctis

199 2279 281 2348 Signa
298 2299 359 2336 cum
377 2284 451 2337 caelo
468 2283 612 2352 gelidaque
630 2284 706 2339 divos

232 2357 323 2412 Morte
340 2363 472 2413 carentes:
615 2427 617 2431 ,

199 2430 283 2486 Ridet
300 2433 350 2486 hoe
367 2435 479 2504 inquam
498 2435 593 2490 Venus
609 2437 675 2506 ipso,
692 2437 783 2491 rident

198 2506 339 2576 Simplices
357 2511 506 2580 Nymphae,
523 2512 599 2565 ferus
617 2516 646 2566 et
664 2513 770 2580 Cupido

198 2581 312 2654 Semper
329 2586 458 2641 ardentes
475 2603 574 2641 acuens
592 2589 705 2657 sagittas

232 2658 300 2714 Oote
317 2669 436 2716 eruenta.

199 2734 282 2789 Adde
299 2737 373 2806 quod
390 2739 477 2806 pubes
494 2738 545 2792 tibi
564 2740 660 2793 crescit
677 2739 768 2806 omnis

198 2809 321 2866 Servitus
338 2814 436 2867 erescit
453 2831 528 2881 nova,
546 2831 596 2867 nee
612 2815 717 2882 priores

198 2884 304 2954 impiae
320 2891 424 2942 tectum
443 2889 567 2942 dominae
583 2889 740 2955 relinquunt

232 2961 319 3030 Saepe
336 2964 439 3016 minati.
889 2993 911 3026 ,ο

197 3034 236 3089 ’.Ρο
254 3038 309 3090 suis
327 3042 429 3090 matres
447 3038 572 3088 metuunt
585 3033 718 3100 juvencis„

197 3108 236 3163 Te
254 3125 333 3164 senes
349 3110 424 3178 parci
442 3109 610 3172 miseraeque
626 3123 712 3172 nuper
