2036 3416
401 87 554 132 HOItATII
572 85 702 135 FLACOI

514 233 583 289 XII.

230 317 255 368 N
258 329 319 370 oms
336 317 416 384 longa
432 317 507 372 serae
525 317 598 371 bella
615 317 787 389 Numantiae,
1002 377 1003 382 χ

188 419 191 425 -
231 391 291 446 Nec
309 391 398 444 dirum
418 392 609 461 Hannibalem,
626 409 676 448 nec
695 394 813 448 Siculum
830 411 910 451 mare

230 465 321 520 Poeno
337 483 503 536 purpureum
522 468 651 536 sanguine
668 469 794 524 mollibus
1002 485 1003 492 ¹

264 543 364 612 Aptari
381 544 502 598 citharae
519 544 625 615 modis3

229 618 287 672 Nec
305 635 398 672 saevos
416 619 546 688 Lapithas
565 623 593 674 et
610 619 725 674 nimium
742 637 818 677 mero

230 694 365 761 Hylaeum
383 693 554 764 domitosque
574 695 712 749 Herculea
728 713 810 751 manu

230 768 345 822 Telluris
358 769 480 838 juvenes,
498 768 572 824 unde
590 771 738 838 periculum

265 843 384 912 Fulgens
401 846 563 899 contremuit
582 845 679 899 domus

233 919 341 973 Saturni
360 920 478 985 reteris;
495 924 582 989 tuque
599 921 771 989 pedestribus

229 993 310 1048 Dices
327 994 448 1048 historiis
465 997 567 1064 proelia
584 997 714 1064 Caesaris,

228 1068 379 1138 Maecenas,
397 1071 493 1136 melius
511 1071 647 1140 ductaque
663 1089 714 1142 per
731 1073 787 1128 viss

265 1145 371 1214 Regum
389 1147 456 1200 colla
473 1147 626 1202 minacium.

229 1220 277 1274 Me
294 1221 386 1275 dulces
404 1222 530 1276 dominae
548 1223 628 1276 Musa
646 1223 798 1290 Licymniae
1002 1279 1003 1298 ,

230 1297 340 1364 eunus,
357 1314 401 1352 me
418 1297 503 1351 voluit
521 1297 611 1352 dicere
628 1297 748 1351 lucidum
1002 1301 1003 1342 l

229 1371 379 1440 Fulgentes
396 1373 487 1426 oculos
505 1377 534 1427 et
551 1373 620 1427 bene
638 1373 741 1426 mutuis
952 1389 976 1433 ra
1002 1355 1003 1426 l

264 1447 364 1502 Fidum
380 1451 477 1517 pectus
494 1449 647 1514 amoribus3
1002 1461 1003 1524 J

230 1523 317 1588 Quam
334 1541 385 1578 nec
401 1524 474 1578 ferre
491 1524 591 1593 pedem
609 1523 737 1579 dedecuit
755 1525 849 1590 choris,
1002 1531 1003 1598 y

228 1599 255 1652 N
257 1615 288 1653 ec
304 1603 409 1653 certare
422 1599 485 1668 joco
502 1617 553 1654 nec
571 1600 637 1654 dare
655 1600 765 1654 brachia
1002 1599 1003 1664 l

229 1671 382 1728 Ludentem
400 1675 494 1728 nitidis
512 1675 662 1743 virginibus
680 1691 754 1728 sacro
1002 1675 1003 1724 i

263 1748 366 1803 Dianae
383 1750 496 1803 celebris
514 1751 566 1806 die.
948 1768 974 1808 so

228 1823 302 1878 Num
320 1829 350 1878 tu
369 1842 438 1892 quae
455 1826 544 1880 tenuit
562 1826 638 1880 dives
656 1826 849 1896 Achaemenes,
1002 1869 1003 1884 a

228 1899 288 1952 Aut
304 1899 413 1968 pinguis
432 1900 565 1969 Phrygiae
583 1902 743 1970 Mygdonias
760 1917 825 1968 opes
1002 1889 1003 1952 l

228 1973 388 2029 Permutare
405 1975 471 2028 velis
488 1978 562 2031 crine
580 1977 740 2045 Licymniae,

262 2049 360 2104 Plenas
378 2054 426 2104 aut
445 2051 568 2105 Arabum
586 2052 700 2108 demost
1002 2085 1003 2112 a

226 2124 300 2179 Dum
317 2127 459 2195 flagrantia
477 2127 624 2196 detorquet
642 2129 678 2180 ad
696 2127 786 2182 oscula

227 2201 367 2256 eervicem
384 2207 433 2256 aut
448 2203 521 2256 facili
539 2203 651 2257 saevitia
667 2208 757 2272 negat,

228 2275 304 2340 Quae
321 2281 451 2346 poscente
469 2279 555 2346 magis
573 2278 691 2348 gaudeat
708 2277 784 2348 eripi,

261 2351 405 2407 Interdum
422 2370 520 2423 rapere
538 2358 658 2424 occupet

503 2495 587 2550 XIII.

224 2577 293 2632 lens
311 2582 340 2633 et
357 2579 462 2634 nefasto
481 2583 508 2634 te
525 2579 615 2646 posuit
633 2579 686 2648 die,

226 2653 384 2724 Quicmque
402 2655 526 2724 primum,
544 2659 574 2709 et
591 2656 723 2724 sacrilega
739 2671 822 2712 manu

259 2730 400 2797 Produxit,
418 2730 505 2798 arbos,
523 2731 551 2784 in
568 2735 698 2800 nepotum

293 2805 443 2859 Perniciem
461 2806 688 2876 opprobriumque
704 2807 767 2876 pagi
775 2828 783 2873 ;

225 2878 307 2932 Illum
324 2884 353 2933 et
371 2882 492 2949 parentis
509 2882 671 2935 crediderim
689 2881 732 2935 sui
958 2899 971 2943 s

226 2950 352 3020 Fregisse
369 2956 499 3009 cervicem
517 2960 546 3009 et
563 2957 712 3024 penetralia

260 3025 395 3093 Sparsisse
412 3035 543 3083 nocturno
561 3048 656 3086 cruore

296 3099 437 3168 Hospitis:
454 3105 500 3156 ille
517 3121 619 3159 senens
636 3107 760 3164 Colchica
