2008 3416
333 119 548 170 SATIRARUM
560 121 598 170 11.
611 123 635 171 2.
862 119 906 166 135

36 197 114 262 Quali
134 197 238 267 igitur
255 197 331 252 victu
348 199 456 266 sapiens
472 203 574 266 utetur,
593 203 622 254 ct
639 200 735 260 horum

35 273 142 328 Utrum
162 272 348 328 imitabitur?
386 273 447 326 Hac
463 279 544 342 urget
562 276 648 343 lupus,
661 273 711 330 hac
728 273 810 343 cauis,
821 275 905 330 aiunt.

34 347 165 403 Mundus
186 348 247 402 en't
266 364 321 415 qua
337 364 391 401 non
409 349 528 402 offendat
546 350 679 418 sordibus,
696 355 779 419 atque
881 365 905 404 os

34 424 64 477 In
81 425 231 478 neutram
249 427 357 490 partem
375 423 463 477 cultm
480 425 569 478 miser.
606 425 660 478 Hic
676 441 766 495 neque
782 425 875 493 servis,

33 501 140 556 Albuti
160 497 244 553 senis
262 498 393 566 exemplo,
412 498 477 552 dum
494 500 586 553 munia
603 499 676 554 didit

33 575 144 630 Saevus
163 573 243 637 erit;
261 589 312 626 noc
329 574 368 626 sic
385 577 418 627 ut
434 574 549 642 simplex
568 575 688 628 Naevius
705 579 814 630 unctam

34 650 173 704 Convivis
185 646 337 716 praebebit
348 665 462 716 aquam;
479 649 637 703 vitiumhoc
649 667 756 718 quoque
768 667 903 719 maguum.

34 727 144 796 Accipe
164 739 246 777 nunc
264 723 352 776 victus
368 724 458 777 tenuis
476 741 547 793 quae
564 728 721 793 quantaque
739 742 831 780 secum
879 741 902 780 ra

34 802 158 855 Aderat
200 799 343 866 Imprimis
360 799 449 852 valeas
466 798 549 854 bene:
567 817 630 854 nam
647 801 739 854 variae
755 818 801 856 res

33 876 72 930 L't
90 877 226 930 noceant
243 873 346 926 bomini
364 874 460 926 credas
477 891 581 928 memor
597 874 669 928 illius
687 892 765 929 escae

34 952 113 1016 Quae
136 949 264 1018 simplex
281 948 345 1002 olim
362 948 414 1002 tibi
432 949 548 1016 sedena
566 954 595 1004 at
612 951 691 1004 simul
708 951 776 1004 assis

33 1026 194 1082 iiiscueris
213 1023 293 1090 elixa,
311 1023 390 1078 simul
407 1024 544 1092 conchylia
560 1025 657 1093 turdis,

33 1101 139 1156 Dulcia
158 1117 194 1154 se
213 1099 243 1152 in
261 1098 343 1152 bilem
360 1103 469 1153 vertent
487 1101 679 1169 stomachoque
696 1101 843 1154 tumultum
877 1115 901 1156 ra

33 1177 128 1232 Lenta
146 1177 228 1229 feret
246 1175 288 1243 pit
309 1175 353 1228 'ta
389 1174 476 1228 Vides
492 1178 526 1228 ut
542 1175 659 1243 pallidus
676 1176 765 1229 omnis

34 1253 133 1308 Coena
152 1251 293 1317 desurgat
310 1249 412 1304 dubiat
449 1250 520 1314 Quin
539 1266 635 1318 corpus
652 1255 778 1304 onustum

32 1327 197 1382 Hesternis
216 1325 291 1378 vitiis
307 1325 427 1380 animum
445 1341 554 1394 quoque
571 1330 734 1393 praegravat
750 1323 813 1394 una,

32 1407 138 1473 Atque
157 1400 250 1468 affigit
267 1399 349 1453 humo
367 1400 475 1454 divinae
492 1401 653 1469 particulam
670 1416 760 1454 aurae.

33 1480 124 1540 Alter
143 1476 200 1530 ubi
218 1474 294 1528 dicto
311 1475 391 1528 citius
409 1478 502 1529 curata
520 1475 609 1544 sopori
875 1493 899 1532 aa

31 1553 174 1608 Membra
192 1550 273 1604 dedit
290 1553 403 1617 vegetus
420 1550 590 1618 praescripta
606 1548 643 1603 ad
659 1550 750 1604 munia
768 1551 862 1618 surgit.

33 1629 91 1681 Hic
109 1631 215 1682 tamen
233 1622 270 1684 ad
286 1623 382 1676 melius
399 1624 502 1690 poterit
516 1628 703 1678 transcurrere
719 1625 863 1693 quondam,

33 1703 100 1757 Sive
120 1701 204 1754 diem
221 1699 322 1752 festum
339 1699 449 1752 rediens
466 1699 608 1771 advexerit
626 1716 719 1766 annus,

33 1779 91 1833 Seu
109 1790 248 1831 recreare
264 1774 337 1828 volet
353 1777 496 1828 tenuatum
514 1791 618 1842 corpus,
635 1774 738 1843 ubique

33 1851 192 1908 Accedent
210 1849 273 1902 anni
291 1852 320 1902 et
337 1849 450 1902 tractari
467 1849 574 1902 mollius
593 1853 669 1903 aetas
873 1867 899 1906 sa

33 1926 190 1982 imbecilla
207 1923 294 1988 volet3
311 1923 362 1977 tibi
380 1924 509 1992 quidnam
526 1924 638 1979 accedet
655 1925 692 1978 ad
708 1925 789 1979 istam

34 2005 132 2068 Quam
153 1989 227 2070 puer
244 2003 274 2052 et
290 1999 395 2053 validus
412 2000 563 2069 praesumis
580 2000 728 2066 mollitiem,
746 2017 794 2054 seu

32 2080 118 2134 Dura
137 2074 272 2130 valetudo
288 2075 416 2130 inciderit
434 2092 482 2129 seu
499 2075 580 2128 tarda
597 2077 742 2128 senectus?

33 2153 203 2209 Rancidum
222 2167 318 2218 aprum
335 2151 439 2219 antiqui
457 2150 611 2218 laudabant,
629 2165 683 2202 non
700 2149 764 2219 quia
781 2166 860 2205 nasus

34 2231 98 2284 lllis
118 2226 217 2280 nullus
235 2229 295 2279 erat
312 2226 362 2279 sed
379 2225 460 2279 credo
477 2225 528 2278 hac
545 2229 644 2293 mente,
662 2225 736 2294 quod
747 2219 849 2294 hospes
872 2242 896 2281 aa

33 2305 163 2360 Tardius
182 2301 330 2354 adveniens
346 2302 472 2356 vitiatum
490 2301 656 2354 commodius
673 2318 755 2370 quam

34 2381 193 2448 Integrum
205 2376 276 2429 edax
288 2376 412 2430 dominus
424 2380 601 2430 consumeret.
637 2377 697 2431 Hos
708 2378 812 2432 utinam
824 2377 896 2433 inter

34 2456 155 2509 Heroas
166 2455 263 2506 natum
281 2451 362 2505 tellus
379 2469 424 2504 me
441 2452 529 2520 prima
546 2451 669 2507 tulisset!

34 2531 97 2584 Das
117 2527 228 2596 aliquid
244 2527 333 2580 famae
351 2544 421 2596 quae
438 2527 557 2580 carmine
574 2528 676 2594 gratior
693 2543 787 2581 aurem

35 2607 170 2670 Occupet
189 2602 347 2656 humanam:
363 2602 480 2670 grandes
498 2603 604 2655 rhombi
621 2603 784 2672 patinaeque
871 2615 895 2657 re

34 2678 157 2735 Grande
174 2676 269 2742 senna
285 2694 341 2730 una
356 2693 418 2730 cum
436 2677 534 2730 damno
552 2676 685 2741 dedecus;
701 2676 773 2730 adde

34 2756 153 2811 Iratum
172 2749 309 2820 patruum,
326 2753 435 2820 vicinos,
453 2755 483 2806 te
500 2751 551 2805 tibi
569 2753 699 2819 iniquum,

32 2833 73 2892 Iit
91 2831 204 2884 faretra
221 2829 317 2880 mortis
334 2827 470 2896 cupidum,
488 2843 549 2881 cum
567 2826 656 2879 deerit
674 2825 766 2892 egenti

34 2909 78 2964 As
98 2902 199 2972 laquei
217 2903 343 2970 pretium.
373 2903 486 2968 “iura”
499 2902 596 2970 iuquit,
609 2900 759 2956 “rrausius
775 2900 836 2956 istis

32 2984 51 3036 J
53 2983 183 3049 urgatur
199 2977 304 3043 verbis;
322 2994 372 3046 ego
389 2977 531 3044 vectigalia
547 2992 644 3044 magna
862 2993 894 3032 roa

32 3056 220 3120 Divitiasquo
238 3053 325 3105 habeo
343 3052 432 3105 tribus
449 3052 551 3120 amplas
568 3049 699 3120 regibus?
735 3050 807 3118 Ergo

32 3130 125 3202 Quod
144 3131 258 3196 superat
275 3143 329 3180 non
347 3129 390 3181 est
406 3126 503 3180 metius
520 3142 574 3194 quo
591 3126 727 3180 insumere
743 3126 844 3195 possiet
