2008 3416
115 71 160 117 112
386 66 538 116 HORATII
556 66 685 116 FLAch

113 147 179 201 Plus
197 163 284 216 aequo
301 146 377 214 liber,
396 147 510 214 simplex
527 145 660 214 sortisque
677 145 827 212 habeatur3

113 223 222 276 Caldior
240 226 290 288 est,
306 239 381 275 acres
398 222 471 274 inter
489 226 656 274 numeretur.
692 221 796 290 Opinor

114 296 191 350 Haec
208 313 252 350 res
270 300 299 350 et
312 296 405 364 jungit
418 296 528 364 junctos
546 299 575 350 et
593 299 684 349 servat
699 297 807 350 amicos
993 341 994 356 ,

113 373 154 424 At
171 387 220 424 nos
238 372 355 426 virtutes
373 373 445 439 ipsas
462 371 629 437 invertimus,
648 375 732 438 atque
951 369 994 440 ὕει

114 446 255 501 Sincerum
273 448 394 515 cupimus
412 464 459 500 ras
477 448 635 501 incrustare,
672 446 777 500 Probus
795 445 860 514 quis

114 521 264 576 Nobiscum
281 523 356 590 vivit,
374 523 491 576 multum
509 523 643 576 demissus
660 522 754 576 homo:
772 521 812 574 illi

115 597 204 651 'lardo
222 615 370 667 cognomen
388 597 482 665 pingui
501 597 604 651 damus.
640 598 694 652 Hic
710 598 782 665 fugit
799 612 897 652 omnes
993 625 994 652 ;

115 673 233 728 Insidias
250 674 371 741 nullique
389 673 459 725 malo
476 672 548 725 latus
565 672 643 726 obdit
660 676 791 741 apertum,

115 749 185 804 eum
203 765 288 816 genus
306 749 356 802 hoc
373 749 446 800 inter
463 749 536 801 vitae
553 751 676 800 versetur
694 747 741 800 ubi
758 747 828 802 acris
952 741 994 805 ω’

116 824 224 877 Invidia
241 827 324 891 atque
342 824 434 890 vigent
451 823 499 876 ubi
516 823 635 890 crimina,
653 839 702 890 pro
719 821 790 876 bene
807 839 876 876 sano
993 831 994 836 ’

116 901 160 952 Ac
177 915 230 952 non
247 899 355 952 incauto
373 899 466 951 fictum
483 901 658 966 astutumque
675 915 807 951 vocamus.
993 949 994 970 Ξ

116 975 268 1043 Simplicior
286 974 347 1042 quis
365 977 394 1027 ct
411 977 454 1026 est
454 973 587 1041 ‚qualem
605 989 649 1026 me
668 990 748 1040 saepe
765 973 885 1026 libentcr

117 1049 270 1104 Obtulerim
287 1049 346 1116 tibi,
366 1049 555 1114 Maecenas,
556 1047 657 1102 tforte
674 1047 811 1116 legentem
993 1045 994 1048 ’

117 1128 177 1180 Aut
194 1127 307 1180 taciturn
324 1124 454 1193 impellat
463 1124 557 1192 quovis
575 1140 697 1177 sermone
714 1123 850 1192 molestus,
951 1140 994 1180 ss}

117 1201 259 1254 Communi
278 1217 359 1256 sensu
376 1201 455 1268 plane
473 1203 557 1268 caret,
574 1199 717 1268 inquimus.
752 1198 837 1264 Eheu,
993 1251 994 1260 ,

118 1276 205 1340 Quam
221 1277 350 1330 temere'
342 1293 370 1328 m
388 1279 494 1328 nosmet
482 1275 557 1342 tgle
540 1291 601 1327 rem
620 1274 752 1328 sancimus
769 1271 907 1342 iniquam!
993 1275 994 1350 J

117 1351 246 1404 Namt
206 1351 246 1404 vit
246 1351 279 1404 iis
296 1367 376 1404 nemo
394 1351 451 1404 sine
469 1350 605 1414 nascitur3
623 1349 741 1417 optimus
757 1348 804 1401 ille
821 1353 865 1402 est

118 1426 171 1490 Qui
188 1426 306 1479 minimis
323 1430 442 1494 urgetur.
479 1425 592 1484 Amicus
610 1425 696 1477 dulcis
713 1427 745 1478 ut
762 1441 881 1492 aequum
899 1429 949 1480 est

118 1502 188 1556 Cum
205 1518 266 1555 mea
283 1504 438 1569 compenset
455 1501 528 1554 vitiis
547 1499 633 1564 bona,
651 1499 773 1568 pluribus
791 1500 865 1554 hisce
948 1517 974 1555 re
993 1507 994 1554 i

119 1577 158 1643 (Si
175 1577 255 1630 modo
273 1577 352 1645 plura
368 1577 434 1630 mihi
452 1576 522 1630 bona
540 1577 611 1640 sunt)
630 1575 748 1644 inclinet,
765 1576 851 1629 amari
893 1591 897 1595 ·
993 1581 994 1628 1

118 1653 148 1707 Si
166 1653 251 1706 volet:
269 1653 319 1704 hac
337 1652 396 1720 lege
413 1653 442 1704 in
459 1653 562 1706 trutina
579 1654 696 1720 ponetur
713 1651 817 1708 eadem.

119 1729 172 1792 Qui
189 1745 224 1782 ne
241 1727 383 1780 tuberibus
400 1729 516 1796 propriis
534 1727 653 1796 offendat
671 1727 787 1780 amicum

119 1803 245 1856 Postulat
262 1803 384 1868 ignoscet
400 1803 519 1856 verrucis
536 1803 623 1868 illius3
641 1819 757 1871 aequum
775 1805 817 1858 est

119 1877 242 1930 Peccatis
259 1877 365 1930 veniam
382 1882 539 1944 poscentem
556 1878 676 1932 reddere
694 1871 794 1932 rursus.

119 1953 252 2022 Denique,
271 1955 404 2021 quatenus
422 1954 510 2007 excidi
528 1955 637 2022 penitus
654 1953 750 2007 vitium
767 1955 824 2008 irae

120 2028 220 2082 Cetera
236 2029 303 2082 item
320 2035 462 2098 nequeunt
479 2029 570 2084 stultis
587 2028 736 2096 haerentia,
755 2046 803 2083 cur
819 2045 874 2084 non

119 2104 291 2158 Ponderibus
308 2106 479 2174 modulisque
497 2105 552 2158 suis
570 2105 640 2158 ratio
657 2105 753 2171 utitur,
771 2121 803 2158 ac
820 2122 865 2160 res

119 2181 160 2233 Ut
178 2197 302 2248 quaeque
319 2185 362 2234 est
379 2182 419 2236 ita
432 2180 574 2250 ,suppliciis
593 2180 695 2234 delicta
711 2183 838 2236 coerectl
993 2231 994 2248 ,

118 2255 149 2308 si
167 2255 228 2322 quis
246 2271 308 2314 eum
326 2271 433 2308 servum
449 2257 570 2323 patinam
587 2256 635 2324 qui
652 2256 748 2310 tollere
761 2255 856 2324 jussus
949 2272 974 2309 so
993 2249 994 2296 ἶ

120 2331 245 2384 Semesos
262 2330 349 2398 pisces
366 2331 543 2399 tepidumque
561 2331 695 2399 ligurierit
707 2331 756 2398 jus

120 2407 154 2460 ln
172 2422 251 2460 cruce
270 2405 383 2474 suffigat,
403 2406 528 2460 Labeone
546 2406 664 2460 insanior
681 2407 754 2460 inter

119 2482 205 2536 Sanos
224 2480 297 2534 dicat
285 2483 337 2534 tur.
373 2481 480 2545 Quanto
498 2482 549 2534 hoe
566 2481 694 2536 furiosius
711 2486 796 2568 atque

119 2557 211 2626 Majus
228 2559 369 2624 peccatum
386 2561 443 2610 est:
460 2556 570 2623 paulum
588 2556 704 2625 deliquit
721 2557 832 2624 amicus,

119 2633 269 2697 Quodnisi
287 2631 418 2686 concedas
435 2631 578 2686 habeare
570 2633 697 2700 insuavis,
715 2631 830 2686 acerbus
949 2648 972 2686 ss

84 2780 86 2783 Ι
118 2697 211 2762 Odisti
229 2711 258 2762 et
275 2706 345 2775 fugis
363 2711 395 2762 ut
413 2707 552 2761 Rusonem
570 2707 680 2762 debitor
696 2709 775 2778 acris,

119 2783 173 2847 oui
190 2784 243 2837 nisi
261 2800 321 2837 cum
339 2783 433 2838 tristes
451 2782 550 2836 misero
567 2799 668 2838 venere
688 2783 832 2838 Kalendae

119 2857 278 2912 Mercedem
295 2862 344 2912 aut
361 2875 486 2912 nummos
503 2858 577 2912 unde
594 2858 735 2913 undet
687 2875 721 2913 ex
723 2859 812 2927 tricet,
830 2874 938 2912 amaras

119 2933 249 2986 Porrecto
262 2933 359 3000 jugulo
377 2934 504 2987 historias
522 2933 645 3001 captivus
663 2938 696 2988 ut
714 2934 799 2988 audit.

120 3006 287 3059 comminxit
305 3007 407 3060 lectum
424 3011 505 3074 potus
524 3024 650 3062 mensave
668 3009 790 3064 catillum

120 3077 241 3130 Evandri
258 3079 383 3174 manibus
400 3081 497 3133 tritum
516 3080 625 3149 dejecit,
644 3083 679 3138 ob
696 3083 767 3138 hanc
784 3099 843 3138 rem
