2036 3416
86 53 117 102 66

343 55 497 132 norsum
514 55 644 106 annom

206 137 295 193 Unico
311 137 433 206 gaudens
449 136 548 190 mulier
564 135 663 190 marito

142 250 146 258 ·
208 211 327 268 Prodeat
339 213 423 281 justis
440 215 551 280 operata
568 211 658 273 sacris,

209 289 247 342 Et
264 305 339 342 soror
356 287 421 340 clari
440 286 516 340 ducis
534 289 564 340 et
581 285 696 338 decorae

244 363 369 433 supplice
386 363 456 416 vitta

210 439 354 506 Virginem
371 441 472 491 matres
486 436 672 505 juvenumque
689 450 778 502 nuper

210 513 354 583 Sospitum.
390 513 454 580 Vos,
472 529 489 565 o
506 511 585 582 pueri
603 515 632 564 et
649 509 755 578 puellae

209 589 274 643 Jam
291 589 379 643 virum
396 592 532 656 expertae,
548 585 619 640 male
636 585 762 639 ominatia

245 665 352 718 Parcite
369 663 467 717 verbis.

210 739 266 794 Hic
283 739 342 792 dies
358 755 422 792 vere
439 737 505 792 mihi
522 737 609 791 festus
626 739 700 791 atras

210 815 320 868 Eximat
337 830 428 880 curas;
446 829 496 880 ego
513 829 563 866 nec
580 811 728 866 tumultum

210 889 237 944 N
239 906 270 944 ec
287 889 356 942 mori
373 889 493 956 pervim
510 891 630 942 metuam
648 889 760 940 tenente

245 965 361 1018 Caesare
378 968 472 1018 terras.
517 967 520 974 ⁴

212 1039 227 1093 1
245 1043 308 1108 pete
325 1043 500 1108 unguentum,
518 1054 593 1106 puer,
612 1039 640 1090 et
658 1051 769 1090 coronas

211 1114 248 1168 Et
265 1114 362 1168 cadum
380 1115 465 1168 Marsi
482 1129 630 1166 memorem
648 1111 739 1179 duelli,

211 1189 369 1258 Spartacum
387 1191 410 1244 si
427 1205 481 1258 qua
497 1188 587 1258 potuit
604 1190 747 1255 vagantem

246 1263 353 1318 Fallere
370 1268 449 1319 testa

167 1379 168 1382 ,
211 1337 264 1392 Dio
281 1343 310 1393 et
326 1343 439 1407 argutae
456 1341 585 1408 properet
603 1337 726 1392 Neaerae

211 1413 372 1468 Murrheurn
389 1414 461 1468 nodo
478 1415 605 1467 cohibere
623 1413 738 1480 crinem

212 1488 242 1542 Si
258 1505 308 1556 per
323 1489 440 1543 invisum
457 1505 533 1542 mora
546 1489 693 1557 janitorem

246 1563 317 1630 Fiet,
334 1563 416 1619 abito.

211 1637 292 1692 Lenit
309 1638 447 1694 albescens
463 1639 567 1694 animos
584 1639 696 1708 capillus

212 1711 314 1766 Litium
332 1717 360 1766 et
377 1715 453 1768 rixae
470 1715 583 1784 cupidos
599 1717 758 1782 protervae3

212 1786 238 1840 N
240 1803 274 1840 on
292 1803 342 1854 ego
359 1787 410 1840 hoe
427 1789 526 1844 ferrern
544 1789 649 1844 calidus
661 1787 777 1857 juventa

247 1861 363 1916 Consule
382 1862 488 1919 Planco.

468 2005 530 2062 XV.

219 2087 300 2143 Uxon
311 2087 438 2158 pauperis
456 2087 539 2157 Ibyci,

247 2162 367 2216 Tandem
384 2163 523 2231 nequitiae
540 2163 594 2232 fige
611 2162 722 2218 modum
738 2165 804 2218 triae

213 2235 389 2304 Famosisque
406 2237 555 2292 laboribus:
645 2248 647 2252 ⁴

247 2310 358 2364 Maturo
374 2311 484 2378 propior
501 2311 596 2366 desine
612 2311 702 2366 timeri
998 2367 999 2370 ,

213 2383 292 2438 inter
308 2383 403 2438 ludere
420 2385 539 2454 virgines
910 2400 925 2443 a
998 2423 999 2438 ÷

248 2460 285 2514 llt
302 2459 387 2513 stellis
405 2461 531 2516 nebulam
549 2479 677 2532 spargere
694 2461 825 2516 candidis.
998 2461 999 2498 l

213 2533 240 2589 N
242 2551 276 2587 on
293 2534 316 2588 si
334 2534 401 2604 qnid
419 2535 538 2591 Pholoen
556 2538 623 2592 satis
764 2582 767 2593 ,

247 2609 284 2662 Et
300 2613 337 2678 te,
357 2609 455 2680 Chlori,
473 2611 566 2668 decet:
584 2613 640 2667 filia
657 2613 758 2668 rectius

212 2682 358 2752 Expugnat
371 2683 503 2752 juvenum
521 2687 621 2753 domos,
998 2703 999 2752 ς

247 2758 329 2812 Pulso
347 2760 444 2828 Thyias
461 2761 502 2815 uti
520 2762 625 2816 concita
642 2765 777 2834 tympano.
901 2772 924 2814 u
998 2761 999 2794 ³

213 2831 293 2886 Illam
310 2836 383 2904 cogit
399 2852 476 2890 amor
493 2835 579 2891 Nothi

246 2907 374 2964 Lascivae
391 2911 507 2966 similem
524 2912 621 2966 ludere
638 2928 766 2981 capreae:

212 2978 251 3034 To
267 2980 345 3036 lanae
361 3000 444 3051 prope
461 2985 579 3038 nobilem

246 3052 350 3108 Tonsae
367 3057 518 3124 Luceriam,
535 3074 596 3114 non.
606 3059 727 3113 citharae
744 3059 853 3128 decent,
