2044 3416
335 107 591 164 EPISI'OLARUM
608 110 631 158 Ι.
651 113 673 158 5.
873 107 920 154 165

54 187 132 254 Quid
149 189 258 242 voveat
275 187 348 241 dulci
365 189 500 243 nutricula
517 189 607 258 majus
624 189 741 258 alumno,

56 267 109 332 Qui
130 281 237 336 sapere
255 267 284 318 et
301 265 354 318 fari
371 265 545 335 possitquae
564 266 671 330 sentiat,
690 269 719 319 et
737 265 780 320 cui

57 345 165 412 Gratia,
186 343 270 409 fama,
288 340 417 395 reietudo
435 343 574 410 contingat
591 341 707 409 abunde,
896 355 920 396 lo

57 422 93 476 Et
112 419 243 474 mundus
260 419 347 473 victus
365 435 420 471 non
437 418 580 472 deficiente
598 418 741 471 crumenat
823 473 827 480 ,

58 499 143 551 Inter
160 513 242 565 spem
260 497 415 563 curamque,
432 493 545 547 timores
562 495 635 547 iuter
652 497 682 547 ct
698 493 760 559 iras,

59 571 286 626 Omnem.crede
303 570 378 623 diem
395 569 447 622 tibi
465 569 597 623 diluxisse
615 584 784 637 supremum:
868 625 872 632 ,

59 650 150 703 Grata
169 646 349 714 superveniet
367 662 437 714 quae
454 661 509 698 non
528 645 683 713 sperabitur
699 644 773 696 hora.

59 724 107 778 Me
127 724 312 792 pinguemxet
329 721 447 774 nitidum
465 719 536 774 bene
553 724 648 774 curata
665 723 727 773 cute
744 719 813 798 vises
898 732 920 773 15

59 799 133 853 cum
151 797 250 850 ridere
267 796 342 850 voles
360 796 470 864 Epicuri
488 795 524 850 de
540 811 624 864 grege
641 793 771 865 porcum.''

478 936 512 991 V.

60 1023 92 1075 Sr
110 1024 199 1090 potes
218 1019 359 1074 Archiacis
377 1019 488 1074 conviva
504 1018 664 1073 recumbere
680 1019 759 1073 lectis

59 1097 86 1150 N
88 1113 123 1150 ec
140 1095 254 1148 modica
271 1112 387 1148 coenare
404 1096 485 1148 times
503 1095 561 1148 olus
579 1111 659 1148 omne
676 1094 784 1163 patella,

61 1172 205 1242 Supremo
222 1175 252 1224 te
270 1171 327 1224 sole
345 1171 427 1239 domi,
445 1171 589 1239 Torquate,
606 1169 728 1224 manebo.

62 1249 140 1302 Vina
157 1247 240 1300 bibes
257 1246 358 1300 iterum
376 1246 465 1299 Tauro
483 1246 581 1299 diffiisa
597 1246 733 1314 palustres

61 1326 147 1378 Inter
166 1322 323 1376 Minturnas
342 1322 589 1390 Sinuessanumque
608 1321 758 1376 Petrinum.
906 1337 919 1376 5

61 1402 92 1454 Si
112 1399 216 1452 melius
235 1397 302 1466 quid
318 1397 403 1450 habes
421 1414 527 1452 arcesse
545 1397 589 1450 vel
605 1397 750 1466 imperium
766 1397 815 1451 fer.

60 1477 81 1528 J
83 1473 242 1528 amdudum
259 1473 385 1542 splendet
402 1474 478 1527 focus
496 1477 525 1526 et
542 1473 595 1526 tibi
612 1473 714 1526 munda
731 1473 859 1541 supellex.

61 1552 152 1604 Mitte
170 1549 245 1602 leves
263 1565 326 1617 spes
344 1551 373 1602 et
390 1549 538 1602 certamina
556 1548 712 1602 diutiarum

61 1627 102 1680 llt
122 1625 232 1678 Moschi
249 1641 370 1679 calisam:
388 1641 447 1678 cras
465 1628 529 1678 nato
547 1625 662 1678 Caesare
679 1625 765 1678 festus

62 1702 125 1756 Dat
142 1701 252 1754 veniam
270 1717 447 1769 somnumque
466 1701 540 1766 dies;
557 1701 667 1769 impune
685 1699 780 1754 licebit
862 1711 866 1724 ·
898 1714 919 1754 ιο

62 1777 215 1832 Aestivam
234 1793 357 1830 sermone
375 1776 491 1845 benigno
508 1776 622 1830 tendere
639 1780 754 1831 noctem.

62 1854 129 1917 Quo
146 1851 217 1904 mihi
233 1853 369 1906 fortunam
387 1853 410 1906 si
428 1869 481 1906 non
499 1851 656 1906 conceditur
671 1852 732 1906 util

62 1928 175 1981 Parcus
192 1926 228 1980 ob
244 1927 353 1982 heredis
371 1931 463 1982 curam
480 1929 647 1995 nimiumque
665 1943 775 1982 severus

61 2002 186 2059 Assidet
202 2000 311 2058 insano:
328 2007 423 2072 potare
441 2007 470 2058 et
488 2021 616 2072 spargere
633 2003 714 2056 flores

61 2079 212 2148 Incipiam,
227 2079 370 2147 patiarque
387 2079 430 2133 vel
448 2080 613 2134 inconsultus
630 2078 732 2132 haberi.
899 2086 923 2127 15

61 2154 144 2222 Quid
162 2171 217 2208 non
235 2155 352 2210 ebrietas
370 2155 515 2223 designati
551 2155 655 2224 Operta
670 2153 796 2224 recludit,

62 2233 137 2300 Spes
152 2229 236 2298 jubet
253 2247 313 2285 esse
330 2231 465 2297 ratas,'ad
481 2231 584 2300 proelia
601 2231 690 2286 trudit
707 2231 838 2298 inertem;

62 2307 200 2362 Sollicitis
218 2307 313 2360 animis
331 2323 399 2361 onus
417 2307 520 2377 eximit,
538 2307 654 2361 addocet
672 2313 752 2362 artes.

62 2381 195 2436 Fecundi
214 2382 309 2436 calices
327 2397 408 2451 quem
426 2399 480 2436 non
498 2384 588 2436 fecere
606 2382 752 2438 disertuml

62 2460 220 2514 Contracta
237 2475 320 2527 quem
337 2475 391 2512 non
408 2460 436 2512 ln
453 2459 615 2528 paupertate
633 2459 769 2514 solutuml
896 2473 920 2512 so

63 2535 149 2588 Haec
167 2550 218 2602 ego
235 2549 381 2604 procurare
399 2539 429 2590 et
446 2535 561 2589 idoneus
578 2535 696 2602 imperor
713 2538 742 2588 et
758 2549 812 2588 non

63 2611 187 2677 Invitus,
205 2627 240 2664 ne
257 2614 338 2680 turpe
355 2611 431 2676 toral,
448 2627 483 2664 ne
502 2610 622 2664 sordida*
629 2625 728 2678 mappa

64 2687 207 2754 Comaget
224 2703 311 2754 nares,
329 2703 364 2740 ne
381 2703 435 2740 non
453 2690 482 2741 et
499 2686 643 2740 cantharus
661 2687 690 2738 et
707 2683 770 2737 lanx

65 2762 210 2816 Ostendat
226 2761 279 2816 tibi
296 2765 333 2830 te,
351 2779 386 2816 ne
404 2763 474 2816 fidos
490 2763 563 2816 inter
580 2760 679 2815 aulicos

66 2839 112 2892 Sit
131 2837 181 2905 qui
198 2836 272 2894 dicta
291 2840 361 2892 foras
379 2839 511 2906 eliminet,
527 2840 559 2892 ut
576 2839 653 2890 co'eat
670 2851 719 2904 par
895 2849 920 2892 st

66 2914 87 2967 J
89 2917 264 2982 ungaturque
281 2915 348 2984 pari.
383 2915 498 2968 Butram
515 2913 567 2968 tibi
585 2912 793 2982 Septiciumque,

68 2990 107 3042 Et
124 2989 178 3044 nisi
197 3005 279 3043 coena
295 2991 370 3059 prior
386 2991 530 3058 potiorque
547 2990 638 3058 puella
655 2987 785 3042 Sabinum

68 3064 194 3136 Detinet,
212 3081 361 3131 assumam,
377 3066 452 3119 locus
469 3069 512 3119 est
530 3069 559 3118 et
576 3063 699 3133 pluribus
715 3064 833 3120 umbris:

69 3138 128 3194 Sed
145 3139 304 3195 nimis-arta
320 3144 449 3210 premunt
465 3139 553 3192 olidae
571 3141 691 3192 convivia
707 3157 811 3207 caprae.
