2044 3416
311 59 565 110 EPISTOLARUM
582 63 604 110 1.
625 65 662 112 12.
864 65 910 116 173

38 143 119 197 Dum
139 143 219 196 lieet
236 156 271 194 ae
287 140 392 193 vultum
410 143 502 195 servat
520 141 643 198 Fortuna
660 139 815 213 benignum,
887 159 912 200 ro

41 220 156 272 Romae
176 209 314 271 laudetur
332 215 426 270 Samos
443 221 473 271 et
491 217 573 271 Chios
591 221 621 272 ot
643 219 754 274 Rhodos
771 222 876 276 absens·

43 297 84 349 'su
103 307 312 363 quameunque
329 292 398 344 deus
415 291 466 345 tibi
484 293 664 348 fortunaverit
681 293 775 349 horam

43 372 138 424 Grata
158 385 245 422 sumo
263 384 352 435 manu,
369 384 423 421 neu
441 368 530 422 dulcia
548 369 628 422 differ
645 370 673 423 in
691 387 799 439 annum,

43 447 83 499 Ut
104 459 283 514 quocunque
300 437 359 495 loeo
375 443 459 496 fueris
477 444 577 498 vixisse
594 445 713 500 libenter

43 521 81 575 'l'e
103 521 208 585 dicas3
225 535 289 571 narn
308 516 331 570 si
348 519 420 571 ratio
437 522 466 572 et
483 520 629 588 prudentia
646 538 733 590 curas,
888 537 912 580 εδ

44 597 112 668 Non
133 595 217 650 locus
236 593 314 648 effusi
329 593 386 648 late
404 595 487 648 maris
504 595 608 649 arbiter
626 598 724 664 aufert,

44 673 169 726 Caelum
190 687 247 723 non
264 669 383 724 ammom
401 675 510 724 mutant
527 672 574 740 qui
591 675 668 726 trans
686 689 762 727 mare
779 677 899 728 currunt.

45 749 177 802 Strenua
197 761 248 798 nos
266 753 375 800 exercet
392 746 504 801 inertia:
522 747 637 800 mribus
655 751 740 817 atque

46 822 208 889 Quadrigis
225 822 345 889 petimus
362 822 433 875 bene
450 823 548 877 vivere.
584 823 664 887 Quod
681 825 754 891 petis
771 824 816 880 hie
833 828 883 893 est,

46 900 101 954 Est
120 896 252 963 Ulubris,
270 897 377 950 animus
394 897 418 949 si
435 901 464 952 te
481 914 535 952 non
554 898 648 953 deficit
665 915 776 968 aequus.
888 917 912 956 co

45 1127 223 1181 Panormos
242 1123 381 1193 Agrippae
399 1123 495 1178 Siculis
513 1141 581 1194 quos
598 1125 710 1196 colligis,
729 1124 792 1194 Ioci,

48 1204 78 1257 Si
99 1206 185 1256 reete
201 1201 302 1252 frueris
318 1216 372 1253 non
390 1203 433 1254 est
450 1204 482 1254 ut
499 1202 576 1268 eopia
594 1201 683 1270 major

48 1279 99 1332 Ab
120 1278 198 1331 Jove
218 1276 314 1328 donari
330 1275 418 1344 possit
435 1275 493 1329 tibi.
529 1275 604 1329 'folle
622 1277 772 1345 querelasp'

49 1356 170 1423 Pauper
188 1353 263 1406 enim
279 1368 333 1404 non
352 1354 395 1406 est
412 1351 455 1404 eui
473 1369 564 1406 rernm
583 1353 706 1421 suppetit
723 1369 796 1406 usus.

49 1431 80 1485 Si
102 1429 200 1483 ventri
218 1427 295 1495 bene,
313 1427 335 1479 si
352 1426 433 1480 lateri
451 1432 494 1481 est
511 1427 683 1496 pedibusque
700 1428 764 1496 tuis,
782 1427 821 1482 nil
898 1445 911 1485 t

49 1505 182 1558 Divitiae
200 1506 332 1572 poterunt¹
348 1503 454 1570 regales
472 1503 575 1558 addere
593 1503 688 1571 majus.
881 1495 885 1501 ’

50 1581 82 1634 Si
102 1579 180 1633 forte
198 1579 227 1630 in
245 1577 335 1630 medio
352 1578 502 1645 positorum
519 1578 668 1632 abstemius
686 1577 781 1632 herbis

50 1656 137 1708 Vivis
155 1657 186 1708 et
202 1655 298 1720 urtica,
316 1653 354 1706 sic
371 1653 445 1707 vives
462 1654 586 1722 protinus
604 1657 636 1707 ut
654 1656 683 1706 te

52 1729 213 1784 Confestim
231 1728 351 1796 liquidus
369 1728 507 1782 Fortunae
523 1730 598 1782 rium
615 1729 738 1795 inauret;

51 1806 111 1860 Vel
130 1806 198 1874 quia
215 1809 340 1870 naturam
357 1808 464 1859 mutare
482 1805 598 1873 pecunia
615 1805 710 1872 nescit,
889 1817 912 1858 lo

52 1881 111 1934 Vel
130 1881 198 1950 quia
215 1883 311 1933 cuncta
327 1883 407 1948 putas
424 1897 478 1933 una
495 1881 598 1934 virtute
615 1881 726 1933 minora.

53 1957 195 2010 Miramur
213 1955 236 2008 si
254 1955 402 2009 Democriti
420 1972 503 2025 pecus
521 1957 579 2008 edit
596 1955 696 2022 agellos

54 2033 197 2101 Cultaque
215 2032 281 2084 dum
297 2047 411 2099 peregre
429 2035 472 2085 est
489 2033 593 2084 animus
612 2031 669 2083 sine
687 2045 798 2098 corpore
816 2029 909 2096 velox3

54 2109 130 2163 Cum
149 2111 182 2161 tu
199 2107 272 2160 inter
289 2106 406 2160 scabiem
424 2109 529 2160 tantmn
547 2111 577 2160 et
594 2104 718 2172 contagia
734 2105 803 2158 lucri

53 2185 106 2239 Nil
123 2200 240 2254 parvum
258 2183 346 2251 sapias
363 2185 393 2236 et
409 2183 499 2236 adhue
517 2181 642 2235 sublimia
659 2197 749 2234 cures:
887 2198 910 2238 15

55 2263 137 2326 Quae
156 2276 231 2312 mare
249 2262 419 2327 compescant
437 2274 539 2324 causae,
559 2257 626 2326 quid
643 2260 780 2327 temperet
801 2273 908 2328 annum,

55 2337 162 2392 Stellae
181 2337 279 2403 sponte
296 2350 345 2387 sun
357 2333 487 2402 jussaene
504 2336 638 2400 vagentur
655 2338 684 2387 ct
701 2338 801 2400 errent,

55 2413 133 2476 Quid
151 2414 259 2479 premat
277 2409 420 2464 obsemum
438 2409 525 2477 lunae,
543 2408 610 2476 quid
627 2411 748 2478 proferat
765 2409 866 2474 orbem,
942 2465 945 2470 ,

56 2487 133 2552 Quid
151 2485 219 2539 velit
236 2489 265 2539 et
282 2485 369 2554 possit
386 2501 478 2538 rerum
496 2485 639 2538 eoncordia
657 2485 768 2551 discors,

54 2562 240 2633 Empedocles
258 2577 293 2614 an
311 2560 471 2614 Stertinium
489 2559 588 2614 deliret
606 2577 726 2614 acumen.
887 2575 910 2614 ao

54 2639 165 2694 Verum
184 2654 233 2692 seu
249 2637 336 2706 pisces
355 2651 402 2689 seu
419 2652 529 2704 porrmn
547 2639 576 2690 ot
593 2651 675 2702 caepe
692 2633 813 2688 trucidas

53 2717 146 2770 Utere
165 2713 295 2782 Pompeio
313 2711 444 2780 Grospho,
462 2715 491 2765 et
508 2711 531 2763 si
549 2709 616 2778 quid
633 2713 709 2777 petet
726 2709 798 2760 ultro

54 2792 160 2857 Defer3
178 2789 216 2842 nil
235 2786 377 2856 Grosphus
394 2787 446 2839 nisi
464 2802 558 2840 verum
576 2784 665 2838 orabit
683 2787 712 2837 et
730 2773 853 2851 aequuin.

55 2868 129 2920 Vilis
147 2866 295 2920 amicorum
314 2867 358 2916 est
375 2878 481 2916 annona
498 2861 576 2914 bonis
594 2859 642 2913 ubi
659 2859 727 2928 quid
745 2859 829 2912 deest.

55 2944 100 2998 Ne
118 2945 213 2997 tamar
230 2941 339 3008 ignores
357 2955 410 3007 quo
428 2938 464 2990 sit
483 2937 605 2990 Romana
621 2936 679 2989 loco
696 2951 754 2988 res:
884 2949 908 2990 2⁵

57 3017 197 3074 Cantaber
216 3015 364 3084 Agrippae,
384 3013 480 3068 Claudi
498 3014 600 3065 virtute
619 3011 736 3065 Neronis

57 3093 208 3151 Armenius
225 3091 340 3156 cecidit;
355 3089 403 3158 jus
420 3088 618 3158 imperiumque
637 3087 779 3157 Phraates,
