<?xml version="1.0" encoding="UTF-8"?>
<!DOCTYPE html PUBLIC "-//W3C//DTD XHTML 1.0 Transitional//EN"
    "http://www.w3.org/TR/xhtml1/DTD/xhtml1-transitional.dtd">
<html xmlns="http://www.w3.org/1999/xhtml" xml:lang="en" lang="en">
 <head>
  <title>
</title>
<meta http-equiv="Content-Type" content="text/html;charset=utf-8" />
  <meta name='ocr-system' content='tesseract 3.04.00' />
  <meta name='ocr-capabilities' content='ocr_page ocr_carea ocr_par ocr_line ocrx_word'/>
</head>
<body>
  <div class='ocr_page' id='page_1' title='image "./quintihoratiifl01maclgoog_0087.png"; bbox 0 0 2008 3416; ppageno 0'>
   <div class='ocr_carea' id='block_1_1' title="bbox 127 91 158 145">
    <p class='ocr_par' dir='ltr' id='par_1_1' title="bbox 127 91 158 145">
     <span class='ocr_line' id='line_1_1' title="bbox 127 91 158 145; baseline 0.032 -1"><span class='ocrx_word' id='word_1_1' title='bbox 127 91 158 145; x_wconf 78' lang='lat'>74</span> 
     </span>
    </p>
   </div>
   <div class='ocr_carea' id='block_1_2' title="bbox 0 0 1008 3416">
    <p class='ocr_par' dir='ltr' id='par_1_2' title="bbox 0 0 1008 3416">
     <span class='ocr_line' id='line_1_2' title="bbox 0 0 1008 3416; baseline 0 4"><span class='ocrx_word' id='word_1_2' title='bbox 0 0 1008 3416; x_wconf 95' lang='lat' dir='ltr'> </span> 
     </span>
    </p>
   </div>
   <div class='ocr_carea' id='block_1_3' title="bbox 400 93 702 144">
    <p class='ocr_par' dir='ltr' id='par_1_3' title="bbox 400 93 702 144">
     <span class='ocr_line' id='line_1_3' title="bbox 400 93 702 144; baseline 0.007 -2"><span class='ocrx_word' id='word_1_3' title='bbox 400 93 554 144; x_wconf 77' lang='lat' dir='ltr'><strong>HORATH</strong></span> <span class='ocrx_word' id='word_1_4' title='bbox 570 94 702 144; x_wconf 81' lang='lat' dir='ltr'>FLACCI</span> 
     </span>
    </p>
   </div>
   <div class='ocr_carea' id='block_1_4' title="bbox 264 173 994 769">
    <p class='ocr_par' dir='ltr' id='par_1_4' title="bbox 264 173 994 769">
     <span class='ocr_line' id='line_1_4' title="bbox 265 173 791 244; baseline -0.002 -15"><span class='ocrx_word' id='word_1_5' title='bbox 265 175 292 229; x_wconf 88' lang='lat' dir='ltr'>N</span> <span class='ocrx_word' id='word_1_6' title='bbox 293 191 327 228; x_wconf 93' lang='lat' dir='ltr'>on</span> <span class='ocrx_word' id='word_1_7' title='bbox 344 173 432 241; x_wconf 81' lang='lat' dir='ltr'>hydra</span> <span class='ocrx_word' id='word_1_8' title='bbox 450 175 524 227; x_wconf 88' lang='lat' dir='ltr'>secto</span> <span class='ocrx_word' id='word_1_9' title='bbox 542 189 656 242; x_wconf 89' lang='lat' dir='ltr'>corpore</span> <span class='ocrx_word' id='word_1_10' title='bbox 674 174 791 244; x_wconf 88' lang='lat' dir='ltr'>firmior</span> 
     </span>
     <span class='ocr_line' id='line_1_5' title="bbox 264 247 827 321; baseline 0.004 -19"><span class='ocrx_word' id='word_1_11' title='bbox 264 249 345 302; x_wconf 81' lang='lat' dir='ltr'><strong>Vinci</strong></span> <span class='ocrx_word' id='word_1_12' title='bbox 363 249 502 302; x_wconf 74' lang='lat' dir='ltr'>dolentem</span> <span class='ocrx_word' id='word_1_13' title='bbox 519 247 605 302; x_wconf 88' lang='lat' dir='ltr'>crevit</span> <span class='ocrx_word' id='word_1_14' title='bbox 621 249 651 301; x_wconf 92' lang='lat' dir='ltr'>in</span> <span class='ocrx_word' id='word_1_15' title='bbox 669 249 827 321; x_wconf 80' lang='lat' dir='ltr'><strong>Herculem,</strong></span> 
     </span>
     <span class='ocr_line' id='line_1_6' title="bbox 298 323 994 379; baseline -0.007 0"><span class='ocrx_word' id='word_1_16' title='bbox 298 324 489 379; x_wconf 85' lang='lat' dir='ltr'>Monstrumve</span> <span class='ocrx_word' id='word_1_17' title='bbox 507 323 657 376; x_wconf 82' lang='lat' dir='ltr'>submisere</span> <span class='ocrx_word' id='word_1_18' title='bbox 676 323 769 379; x_wconf 91' lang='lat' dir='ltr'>Colchi</span> <span class='ocrx_word' id='word_1_19' title='bbox 993 369 994 374; x_wconf 73' lang='grc'>,</span> 
     </span>
     <span class='ocr_line' id='line_1_7' title="bbox 333 398 994 464; baseline 0.002 -11"><span class='ocrx_word' id='word_1_20' title='bbox 333 399 424 453; x_wconf 89' lang='lat' dir='ltr'>Maius</span> <span class='ocrx_word' id='word_1_21' title='bbox 442 399 622 452; x_wconf 83' lang='lat' dir='ltr'>Echioniaeve</span> <span class='ocrx_word' id='word_1_22' title='bbox 640 398 798 455; x_wconf 69' lang='lat' dir='ltr'>Thebae.=</span> <span class='ocrx_word' id='word_1_23' title='bbox 883 456 885 460; x_wconf 74' lang='grc'><em>,</em></span> <span class='ocrx_word' id='word_1_24' title='bbox 993 437 994 464; x_wconf 50' lang='lat'><em>2</em></span> 
     </span>
     <span class='ocr_line' id='line_1_8' title="bbox 265 473 994 543; baseline 0.001 -14"><span class='ocrx_word' id='word_1_25' title='bbox 265 473 372 529; x_wconf 86' lang='lat' dir='ltr'>Merses</span> <span class='ocrx_word' id='word_1_26' title='bbox 388 474 531 543; x_wconf 86' lang='lat' dir='ltr'>profundo,</span> <span class='ocrx_word' id='word_1_27' title='bbox 549 473 687 541; x_wconf 84' lang='lat' dir='ltr'>pulchrior</span> <span class='ocrx_word' id='word_1_28' title='bbox 704 475 810 536; x_wconf 72' lang='lat' dir='ltr'>evenitz</span> <span class='ocrx_word' id='word_1_29' title='bbox 993 479 994 492; x_wconf 64' lang='lat'>¹</span> 
     </span>
     <span class='ocr_line' id='line_1_9' title="bbox 266 549 780 618; baseline -0.004 -12"><span class='ocrx_word' id='word_1_30' title='bbox 266 550 391 617; x_wconf 79' lang='lat' dir='ltr'>Luctare,</span> <span class='ocrx_word' id='word_1_31' title='bbox 409 549 496 604; x_wconf 89' lang='lat' dir='ltr'>multa</span> <span class='ocrx_word' id='word_1_32' title='bbox 512 553 625 618; x_wconf 87' lang='lat' dir='ltr'>proruet</span> <span class='ocrx_word' id='word_1_33' title='bbox 641 549 780 618; x_wconf 79' lang='lat' dir='ltr'>integrum</span> 
     </span>
     <span class='ocr_line' id='line_1_10' title="bbox 299 624 769 694; baseline 0.002 -15"><span class='ocrx_word' id='word_1_34' title='bbox 299 625 368 679; x_wconf 87' lang='lat' dir='ltr'>Cum</span> <span class='ocrx_word' id='word_1_35' title='bbox 385 624 467 678; x_wconf 89' lang='lat' dir='ltr'>laude</span> <span class='ocrx_word' id='word_1_36' title='bbox 483 624 615 678; x_wconf 85' lang='lat' dir='ltr'>victorem</span> <span class='ocrx_word' id='word_1_37' title='bbox 632 629 769 694; x_wconf 80' lang='lat' dir='ltr'>geretque</span> 
     </span>
     <span class='ocr_line' id='line_1_11' title="bbox 334 699 779 769; baseline 0.009 -17"><span class='ocrx_word' id='word_1_38' title='bbox 334 700 441 752; x_wconf 87' lang='lat' dir='ltr'>Proelia</span> <span class='ocrx_word' id='word_1_39' title='bbox 458 699 620 767; x_wconf 80' lang='lat' dir='ltr'>conjugibus</span> <span class='ocrx_word' id='word_1_40' title='bbox 636 700 779 769; x_wconf 83' lang='lat' dir='ltr'>loquenda</span> 
     </span>
    </p>
   </div>
   <div class='ocr_carea' id='block_1_5' title="bbox 197 769 770 843">
    <p class='ocr_par' dir='ltr' id='par_1_5' title="bbox 197 769 770 843">
     <span class='ocr_line' id='line_1_12' title="bbox 197 769 770 843; baseline 0.003 -16"><span class='ocrx_word' id='word_1_41' title='bbox 197 769 200 775; x_wconf 75' lang='grc'><em>’</em></span> <span class='ocrx_word' id='word_1_42' title='bbox 266 773 430 842; x_wconf 76' lang='lat' dir='ltr'>Karthagini</span> <span class='ocrx_word' id='word_1_43' title='bbox 442 773 502 842; x_wconf 88' lang='lat' dir='ltr'>jam</span> <span class='ocrx_word' id='word_1_44' title='bbox 519 791 574 828; x_wconf 88' lang='lat' dir='ltr'>non</span> <span class='ocrx_word' id='word_1_45' title='bbox 591 791 642 843; x_wconf 86' lang='lat' dir='ltr'>ego</span> <span class='ocrx_word' id='word_1_46' title='bbox 659 776 770 829; x_wconf 86' lang='lat' dir='ltr'>nuntios</span> 
     </span>
    </p>
   </div>
   <div class='ocr_carea' id='block_1_6' title="bbox 264 849 844 1370">
    <p class='ocr_par' dir='ltr' id='par_1_6' title="bbox 264 849 844 1370">
     <span class='ocr_line' id='line_1_13' title="bbox 264 849 830 919; baseline 0.005 -16"><span class='ocrx_word' id='word_1_47' title='bbox 264 849 376 904; x_wconf 85' lang='lat' dir='ltr'>Mittam</span> <span class='ocrx_word' id='word_1_48' title='bbox 395 849 537 919; x_wconf 88' lang='lat' dir='ltr'>superbos:</span> <span class='ocrx_word' id='word_1_49' title='bbox 556 851 663 918; x_wconf 83' lang='lat' dir='ltr'>occidit,</span> <span class='ocrx_word' id='word_1_50' title='bbox 681 851 781 906; x_wconf 91' lang='lat' dir='ltr'>oceidit</span> <span class='ocrx_word' id='word_1_51' title='bbox 826 907 830 912; x_wconf 67' lang='grc'><em>,</em></span> 
     </span>
     <span class='ocr_line' id='line_1_14' title="bbox 300 923 750 993; baseline 0.004 -15"><span class='ocrx_word' id='word_1_52' title='bbox 300 923 369 993; x_wconf 80' lang='lat' dir='ltr'>Spes</span> <span class='ocrx_word' id='word_1_53' title='bbox 387 925 473 978; x_wconf 89' lang='lat' dir='ltr'>omnis</span> <span class='ocrx_word' id='word_1_54' title='bbox 491 929 520 980; x_wconf 91' lang='lat' dir='ltr'>et</span> <span class='ocrx_word' id='word_1_55' title='bbox 536 925 646 980; x_wconf 85' lang='lat' dir='ltr'>fortuna</span> <span class='ocrx_word' id='word_1_56' title='bbox 663 927 750 980; x_wconf 85' lang='lat' dir='ltr'>nostri</span> 
     </span>
     <span class='ocr_line' id='line_1_15' title="bbox 332 999 844 1070; baseline 0.008 -19"><span class='ocrx_word' id='word_1_57' title='bbox 332 999 457 1052; x_wconf 81' lang='lat' dir='ltr'>Nominis</span> <span class='ocrx_word' id='word_1_58' title='bbox 476 1000 651 1055; x_wconf 81' lang='lat' dir='ltr'>Hasdrubale</span> <span class='ocrx_word' id='word_1_59' title='bbox 667 1001 844 1070; x_wconf 86' lang='lat' dir='ltr'>interempto.</span> 
     </span>
     <span class='ocr_line' id='line_1_16' title="bbox 264 1073 811 1146; baseline 0.004 -18"><span class='ocrx_word' id='word_1_60' title='bbox 264 1073 312 1128; x_wconf 89' lang='lat' dir='ltr'>Nil</span> <span class='ocrx_word' id='word_1_61' title='bbox 331 1074 460 1129; x_wconf 78' lang='lat' dir='ltr'>Claudiae</span> <span class='ocrx_word' id='word_1_62' title='bbox 478 1092 531 1128; x_wconf 91' lang='lat' dir='ltr'>non</span> <span class='ocrx_word' id='word_1_63' title='bbox 548 1077 691 1144; x_wconf 89' lang='lat' dir='ltr'>perficient</span> <span class='ocrx_word' id='word_1_64' title='bbox 708 1093 811 1146; x_wconf 88' lang='lat' dir='ltr'>manus,</span> 
     </span>
     <span class='ocr_line' id='line_1_17' title="bbox 265 1149 795 1220; baseline 0.004 -18"><span class='ocrx_word' id='word_1_65' title='bbox 265 1149 338 1214; x_wconf 81' lang='lat' dir='ltr'>Quas</span> <span class='ocrx_word' id='word_1_66' title='bbox 356 1153 384 1204; x_wconf 88' lang='lat' dir='ltr'>et</span> <span class='ocrx_word' id='word_1_67' title='bbox 401 1149 519 1218; x_wconf 86' lang='lat' dir='ltr'>benigno</span> <span class='ocrx_word' id='word_1_68' title='bbox 536 1151 647 1204; x_wconf 90' lang='lat' dir='ltr'>numine</span> <span class='ocrx_word' id='word_1_69' title='bbox 665 1150 795 1220; x_wconf 84' lang='lat' dir='ltr'>Juppiter</span> 
     </span>
     <span class='ocr_line' id='line_1_18' title="bbox 298 1225 705 1292; baseline -0.002 -13"><span class='ocrx_word' id='word_1_70' title='bbox 298 1225 430 1279; x_wconf 89' lang='lat' dir='ltr'>Defendit</span> <span class='ocrx_word' id='word_1_71' title='bbox 448 1229 477 1278; x_wconf 90' lang='lat' dir='ltr'>et</span> <span class='ocrx_word' id='word_1_72' title='bbox 495 1241 576 1279; x_wconf 85' lang='lat' dir='ltr'>curae</span> <span class='ocrx_word' id='word_1_73' title='bbox 594 1241 705 1292; x_wconf 84' lang='lat' dir='ltr'>sagaces</span> 
     </span>
     <span class='ocr_line' id='line_1_19' title="bbox 305 1296 747 1370; baseline 0.005 -17"><span class='ocrx_word' id='word_1_74' title='bbox 305 1296 490 1368; x_wconf 62' lang='lat' dir='ltr'>‘Expectent</span> <span class='ocrx_word' id='word_1_75' title='bbox 506 1316 557 1370; x_wconf 90' lang='lat' dir='ltr'>per</span> <span class='ocrx_word' id='word_1_76' title='bbox 573 1305 653 1356; x_wconf 86' lang='lat' dir='ltr'>acuta</span> <span class='ocrx_word' id='word_1_77' title='bbox 670 1301 747 1356; x_wconf 78' lang='lat' dir='ltr'>belli:</span> 
     </span>
    </p>
   </div>
   <div class='ocr_carea' id='block_1_7' title="bbox 263 1444 795 1594">
    <p class='ocr_par' dir='ltr' id='par_1_7' title="bbox 263 1444 795 1594">
     <span class='ocr_line' id='line_1_20' title="bbox 263 1444 795 1594; baseline 0.008 -17"><span class='ocrx_word' id='word_1_78' title='bbox 263 1523 344 1580; x_wconf 86' lang='lat' dir='ltr'>Drrrs</span> <span class='ocrx_word' id='word_1_79' title='bbox 362 1494 422 1579; x_wconf 68' lang='lat' dir='ltr'>oite</span> <span class='ocrx_word' id='word_1_80' title='bbox 438 1444 644 1594; x_wconf 64' lang='lat' dir='ltr'>boniahptime</span> <span class='ocrx_word' id='word_1_81' title='bbox 663 1526 795 1582; x_wconf 86' lang='lat' dir='ltr'>Romulae</span> 
     </span>
    </p>
   </div>
   <div class='ocr_carea' id='block_1_8' title="bbox 252 1599 994 3178">
    <p class='ocr_par' dir='ltr' id='par_1_8' title="bbox 253 1599 994 2800">
     <span class='ocr_line' id='line_1_21' title="bbox 263 1599 846 1669; baseline 0.005 -17"><span class='ocrx_word' id='word_1_82' title='bbox 263 1599 361 1654; x_wconf 87' lang='lat' dir='ltr'>Custos</span> <span class='ocrx_word' id='word_1_83' title='bbox 378 1601 475 1668; x_wconf 84' lang='lat' dir='ltr'>gentis,</span> <span class='ocrx_word' id='word_1_84' title='bbox 494 1601 560 1655; x_wconf 86' lang='lat' dir='ltr'>abes</span> <span class='ocrx_word' id='word_1_85' title='bbox 573 1601 633 1669; x_wconf 89' lang='lat' dir='ltr'>jam</span> <span class='ocrx_word' id='word_1_86' title='bbox 650 1602 763 1656; x_wconf 83' lang='lat' dir='ltr'>nimium</span> <span class='ocrx_word' id='word_1_87' title='bbox 781 1602 846 1669; x_wconf 78' lang='lat' dir='ltr'>diu3</span> 
     </span>
     <span class='ocr_line' id='line_1_22' title="bbox 261 1673 820 1746; baseline 0.009 -20"><span class='ocrx_word' id='word_1_88' title='bbox 261 1673 402 1728; x_wconf 82' lang='lat' dir='ltr'>Moturum</span> <span class='ocrx_word' id='word_1_89' title='bbox 420 1675 540 1729; x_wconf 89' lang='lat' dir='ltr'>reditum</span> <span class='ocrx_word' id='word_1_90' title='bbox 557 1677 693 1746; x_wconf 81' lang='lat' dir='ltr'>pollicitus</span> <span class='ocrx_word' id='word_1_91' title='bbox 709 1681 820 1746; x_wconf 86' lang='lat' dir='ltr'>patrum</span> 
     </span>
     <span class='ocr_line' id='line_1_23' title="bbox 296 1749 607 1805; baseline -0.003 -3"><span class='ocrx_word' id='word_1_92' title='bbox 296 1749 394 1804; x_wconf 80' lang='lat' dir='ltr'>Sancto</span> <span class='ocrx_word' id='word_1_93' title='bbox 411 1751 523 1804; x_wconf 87' lang='lat' dir='ltr'>coneilio</span> <span class='ocrx_word' id='word_1_94' title='bbox 540 1752 607 1805; x_wconf 88' lang='lat' dir='ltr'>redi.</span> 
     </span>
     <span class='ocr_line' id='line_1_24' title="bbox 261 1823 848 1897; baseline 0.012 -22"><span class='ocrx_word' id='word_1_95' title='bbox 261 1823 362 1876; x_wconf 85' lang='lat' dir='ltr'>Lucem</span> <span class='ocrx_word' id='word_1_96' title='bbox 380 1825 466 1878; x_wconf 90' lang='lat' dir='ltr'>redde</span> <span class='ocrx_word' id='word_1_97' title='bbox 483 1829 556 1894; x_wconf 88' lang='lat' dir='ltr'>tuae,</span> <span class='ocrx_word' id='word_1_98' title='bbox 574 1827 630 1880; x_wconf 84' lang='lat' dir='ltr'>dux</span> <span class='ocrx_word' id='word_1_99' title='bbox 647 1827 725 1896; x_wconf 93' lang='lat' dir='ltr'>bone,</span> <span class='ocrx_word' id='word_1_100' title='bbox 742 1828 848 1897; x_wconf 88' lang='lat' dir='ltr'>patriae</span> 
     </span>
     <span class='ocr_line' id='line_1_25' title="bbox 261 1898 787 1957; baseline 0.01 -5"><span class='ocrx_word' id='word_1_101' title='bbox 261 1898 354 1952; x_wconf 85' lang='lat' dir='ltr'>Instar</span> <span class='ocrx_word' id='word_1_102' title='bbox 371 1900 442 1953; x_wconf 85' lang='lat' dir='ltr'>reris</span> <span class='ocrx_word' id='word_1_103' title='bbox 460 1902 532 1954; x_wconf 92' lang='lat' dir='ltr'>enim</span> <span class='ocrx_word' id='word_1_104' title='bbox 549 1903 641 1956; x_wconf 83' lang='lat' dir='ltr'>vultus</span> <span class='ocrx_word' id='word_1_105' title='bbox 657 1903 705 1956; x_wconf 91' lang='lat' dir='ltr'>ubi</span> <span class='ocrx_word' id='word_1_106' title='bbox 723 1907 787 1957; x_wconf 88' lang='lat' dir='ltr'>tuus</span> 
     </span>
     <span class='ocr_line' id='line_1_26' title="bbox 260 1972 736 2044; baseline 0.015 -19"><span class='ocrx_word' id='word_1_107' title='bbox 260 1972 374 2028; x_wconf 87' lang='lat' dir='ltr'>Affulsit</span> <span class='ocrx_word' id='word_1_108' title='bbox 390 1976 497 2044; x_wconf 88' lang='lat' dir='ltr'>populo,</span> <span class='ocrx_word' id='word_1_109' title='bbox 514 1978 619 2044; x_wconf 83' lang='lat' dir='ltr'>gratior</span> <span class='ocrx_word' id='word_1_110' title='bbox 635 1979 658 2034; x_wconf 91' lang='lat' dir='ltr'>it</span> <span class='ocrx_word' id='word_1_111' title='bbox 676 1979 736 2032; x_wconf 84' lang='lat' dir='ltr'>dies</span> 
     </span>
     <span class='ocr_line' id='line_1_27' title="bbox 294 2047 645 2107; baseline 0.017 -6"><span class='ocrx_word' id='word_1_112' title='bbox 294 2047 331 2103; x_wconf 82' lang='lat' dir='ltr'>Et</span> <span class='ocrx_word' id='word_1_113' title='bbox 348 2050 418 2104; x_wconf 88' lang='lat' dir='ltr'>soles</span> <span class='ocrx_word' id='word_1_114' title='bbox 435 2052 531 2105; x_wconf 90' lang='lat' dir='ltr'>melius</span> <span class='ocrx_word' id='word_1_115' title='bbox 548 2052 645 2107; x_wconf 89' lang='lat' dir='ltr'>nitent.</span> 
     </span>
     <span class='ocr_line' id='line_1_28' title="bbox 258 2121 871 2195; baseline 0.011 -18"><span class='ocrx_word' id='word_1_116' title='bbox 258 2121 299 2177; x_wconf 87' lang='lat' dir='ltr'>Ut</span> <span class='ocrx_word' id='word_1_117' title='bbox 315 2129 403 2179; x_wconf 90' lang='lat' dir='ltr'>mater</span> <span class='ocrx_word' id='word_1_118' title='bbox 416 2125 554 2194; x_wconf 87' lang='lat' dir='ltr'>juvenem,</span> <span class='ocrx_word' id='word_1_119' title='bbox 572 2143 653 2195; x_wconf 89' lang='lat' dir='ltr'>quem</span> <span class='ocrx_word' id='word_1_120' title='bbox 672 2129 762 2183; x_wconf 89' lang='lat' dir='ltr'>Notus</span> <span class='ocrx_word' id='word_1_121' title='bbox 779 2130 871 2184; x_wconf 89' lang='lat' dir='ltr'>invido</span> 
     </span>
     <span class='ocr_line' id='line_1_29' title="bbox 258 2196 825 2272; baseline 0.014 -22"><span class='ocrx_word' id='word_1_122' title='bbox 258 2196 339 2251; x_wconf 82' lang='lat' dir='ltr'>Flatn</span> <span class='ocrx_word' id='word_1_123' title='bbox 357 2200 496 2268; x_wconf 81' lang='lat' dir='ltr'>Carpathii</span> <span class='ocrx_word' id='word_1_124' title='bbox 513 2205 590 2255; x_wconf 88' lang='lat' dir='ltr'>trans</span> <span class='ocrx_word' id='word_1_125' title='bbox 607 2203 690 2256; x_wconf 86' lang='lat' dir='ltr'>maris</span> <span class='ocrx_word' id='word_1_126' title='bbox 707 2221 825 2272; x_wconf 81' lang='lat' dir='ltr'>aequora</span> 
     </span>
     <span class='ocr_line' id='line_1_30' title="bbox 258 2272 994 2346; baseline 0.019 -20"><span class='ocrx_word' id='word_1_127' title='bbox 258 2272 438 2328; x_wconf 77' lang='lat' dir='ltr'>Cunctantem</span> <span class='ocrx_word' id='word_1_128' title='bbox 455 2277 543 2344; x_wconf 87' lang='lat' dir='ltr'>spatio</span> <span class='ocrx_word' id='word_1_129' title='bbox 560 2277 667 2346; x_wconf 84' lang='lat' dir='ltr'>longius</span> <span class='ocrx_word' id='word_1_130' title='bbox 684 2295 773 2332; x_wconf 87' lang='lat' dir='ltr'>annuo</span> <span class='ocrx_word' id='word_1_131' title='bbox 993 2301 994 2340; x_wconf 33' lang='grc' dir='ltr'>ξ</span> 
     </span>
     <span class='ocr_line' id='line_1_31' title="bbox 291 2347 994 2422; baseline 0.028 -22"><span class='ocrx_word' id='word_1_132' title='bbox 291 2347 371 2402; x_wconf 76' lang='lat' dir='ltr'>aner</span> <span class='ocrx_word' id='word_1_133' title='bbox 389 2350 501 2406; x_wconf 72' lang='lat' dir='ltr'>astina</span> <span class='ocrx_word' id='word_1_134' title='bbox 518 2369 535 2406; x_wconf 75' lang='lat' dir='ltr'>a</span> <span class='ocrx_word' id='word_1_135' title='bbox 552 2353 640 2422; x_wconf 78' lang='lat' dir='ltr'>aomo,</span> <span class='ocrx_word' id='word_1_136' title='bbox 993 2347 994 2420; x_wconf 82' lang='lat' dir='ltr'>i</span> 
     </span>
     <span class='ocr_line' id='line_1_32' title="bbox 256 2420 835 2500; baseline 0.022 -26"><span class='ocrx_word' id='word_1_137' title='bbox 256 2420 337 2476; x_wconf 86' lang='lat' dir='ltr'>Votis</span> <span class='ocrx_word' id='word_1_138' title='bbox 354 2425 542 2496; x_wconf 83' lang='lat' dir='ltr'>ominibusque</span> <span class='ocrx_word' id='word_1_139' title='bbox 559 2432 588 2483; x_wconf 90' lang='lat' dir='ltr'>et</span> <span class='ocrx_word' id='word_1_140' title='bbox 604 2429 731 2498; x_wconf 89' lang='lat' dir='ltr'>precibus</span> <span class='ocrx_word' id='word_1_141' title='bbox 748 2437 835 2500; x_wconf 87' lang='lat' dir='ltr'>vocat,</span> 
     </span>
     <span class='ocr_line' id='line_1_33' title="bbox 256 2496 808 2562; baseline 0.022 -12"><span class='ocrx_word' id='word_1_142' title='bbox 256 2496 346 2552; x_wconf 83' lang='lat' dir='ltr'>Curvo</span> <span class='ocrx_word' id='word_1_143' title='bbox 363 2516 413 2554; x_wconf 87' lang='lat' dir='ltr'>nee</span> <span class='ocrx_word' id='word_1_144' title='bbox 429 2501 525 2556; x_wconf 88' lang='lat' dir='ltr'>faciem</span> <span class='ocrx_word' id='word_1_145' title='bbox 542 2503 636 2558; x_wconf 90' lang='lat' dir='ltr'>littore</span> <span class='ocrx_word' id='word_1_146' title='bbox 653 2504 808 2562; x_wconf 74' lang='lat' dir='ltr'>demovetz&#39;</span> 
     </span>
     <span class='ocr_line' id='line_1_34' title="bbox 255 2572 968 2641; baseline 0.021 -15"><span class='ocrx_word' id='word_1_147' title='bbox 255 2572 300 2627; x_wconf 78' lang='lat' dir='ltr'>Sic</span> <span class='ocrx_word' id='word_1_148' title='bbox 318 2574 461 2630; x_wconf 87' lang='lat' dir='ltr'>desideriis</span> <span class='ocrx_word' id='word_1_149' title='bbox 477 2579 533 2632; x_wconf 89' lang='lat' dir='ltr'>icta</span> <span class='ocrx_word' id='word_1_150' title='bbox 549 2579 677 2633; x_wconf 88' lang='lat' dir='ltr'>fidelibus</span> <span class='ocrx_word' id='word_1_151' title='bbox 945 2600 968 2641; x_wconf 80' lang='lat'>15</span> 
     </span>
     <span class='ocr_line' id='line_1_35' title="bbox 289 2650 763 2720; baseline 0.008 -17"><span class='ocrx_word' id='word_1_152' title='bbox 289 2650 403 2714; x_wconf 81' lang='lat' dir='ltr'>Quaerit</span> <span class='ocrx_word' id='word_1_153' title='bbox 418 2655 508 2720; x_wconf 87' lang='lat' dir='ltr'>patria</span> <span class='ocrx_word' id='word_1_154' title='bbox 526 2653 677 2711; x_wconf 88' lang='lat' dir='ltr'>Caesarem.</span> <span class='ocrx_word' id='word_1_155' title='bbox 758 2677 763 2707; x_wconf 78' lang='lat' dir='ltr'>r</span> 
     </span>
     <span class='ocr_line' id='line_1_36' title="bbox 253 2723 803 2800; baseline 0.018 -23"><span class='ocrx_word' id='word_1_156' title='bbox 253 2723 339 2779; x_wconf 78' lang='lat' dir='ltr'>Tutus</span> <span class='ocrx_word' id='word_1_157' title='bbox 356 2726 406 2781; x_wconf 90' lang='lat' dir='ltr'>bos</span> <span class='ocrx_word' id='word_1_158' title='bbox 424 2729 525 2782; x_wconf 88' lang='lat' dir='ltr'>etenim</span> <span class='ocrx_word' id='word_1_159' title='bbox 542 2746 607 2785; x_wconf 89' lang='lat' dir='ltr'>rura</span> <span class='ocrx_word' id='word_1_160' title='bbox 623 2731 803 2800; x_wconf 87' lang='lat' dir='ltr'>perambulat,</span> 
     </span>
    </p>

    <p class='ocr_par' dir='ltr' id='par_1_9' title="bbox 252 2797 994 3178">
     <span class='ocr_line' id='line_1_37' title="bbox 252 2797 994 2877; baseline 0.019 -24"><span class='ocrx_word' id='word_1_161' title='bbox 252 2797 280 2852; x_wconf 90' lang='lat' dir='ltr'>N</span> <span class='ocrx_word' id='word_1_162' title='bbox 281 2802 350 2856; x_wconf 88' lang='lat' dir='ltr'>utrit</span> <span class='ocrx_word' id='word_1_163' title='bbox 366 2819 430 2856; x_wconf 91' lang='lat' dir='ltr'>rura</span> <span class='ocrx_word' id='word_1_164' title='bbox 448 2804 530 2859; x_wconf 85' lang='lat' dir='ltr'>Ceres</span> <span class='ocrx_word' id='word_1_165' title='bbox 547 2806 672 2876; x_wconf 88' lang='lat' dir='ltr'>almaque</span> <span class='ocrx_word' id='word_1_166' title='bbox 690 2808 839 2877; x_wconf 78' lang='lat' dir='ltr'>Faustitas,</span> <span class='ocrx_word' id='word_1_167' title='bbox 993 2847 994 2876; x_wconf 67' lang='lat' dir='ltr'>r</span> 
     </span>
     <span class='ocr_line' id='line_1_38' title="bbox 253 2873 994 2952; baseline 0.015 -24"><span class='ocrx_word' id='word_1_168' title='bbox 253 2873 383 2932; x_wconf 88' lang='lat' dir='ltr'>Pacatum</span> <span class='ocrx_word' id='word_1_169' title='bbox 402 2879 516 2934; x_wconf 86' lang='lat' dir='ltr'>volitant</span> <span class='ocrx_word' id='word_1_170' title='bbox 532 2898 583 2950; x_wconf 89' lang='lat' dir='ltr'>per</span> <span class='ocrx_word' id='word_1_171' title='bbox 601 2899 677 2938; x_wconf 88' lang='lat' dir='ltr'>mare</span> <span class='ocrx_word' id='word_1_172' title='bbox 693 2884 810 2952; x_wconf 82' lang='lat' dir='ltr'>navitae,</span> <span class='ocrx_word' id='word_1_173' title='bbox 993 2879 994 2930; x_wconf 75' lang='lat' dir='ltr'>l</span> 
     </span>
     <span class='ocr_line' id='line_1_39' title="bbox 286 2951 962 3026; baseline 0.018 -21"><span class='ocrx_word' id='word_1_174' title='bbox 286 2951 395 3021; x_wconf 85' lang='lat' dir='ltr'>Culpari</span> <span class='ocrx_word' id='word_1_175' title='bbox 413 2957 512 3010; x_wconf 87' lang='lat' dir='ltr'>metuit</span> <span class='ocrx_word' id='word_1_176' title='bbox 529 2957 619 3026; x_wconf 80' lang='lat' dir='ltr'>Fides,</span> <span class='ocrx_word' id='word_1_177' title='bbox 939 2988 962 3025; x_wconf 66' lang='grc' dir='ltr'><strong><em>ῃ</em></strong></span> 
     </span>
     <span class='ocr_line' id='line_1_40' title="bbox 252 3021 824 3104; baseline 0.023 -28"><span class='ocrx_word' id='word_1_178' title='bbox 252 3021 342 3080; x_wconf 86' lang='lat' dir='ltr'>Nullis</span> <span class='ocrx_word' id='word_1_179' title='bbox 358 3028 489 3096; x_wconf 85' lang='lat' dir='ltr'>polluitur</span> <span class='ocrx_word' id='word_1_180' title='bbox 506 3035 581 3086; x_wconf 85' lang='lat' dir='ltr'>easta</span> <span class='ocrx_word' id='word_1_181' title='bbox 598 3033 695 3088; x_wconf 87' lang='lat' dir='ltr'>domus</span> <span class='ocrx_word' id='word_1_182' title='bbox 713 3033 824 3104; x_wconf 83' lang='lat' dir='ltr'>stupris,</span> 
     </span>
     <span class='ocr_line' id='line_1_41' title="bbox 253 3096 843 3178; baseline 0.024 -28"><span class='ocrx_word' id='word_1_183' title='bbox 253 3096 314 3152; x_wconf 90' lang='lat' dir='ltr'>Mos</span> <span class='ocrx_word' id='word_1_184' title='bbox 331 3105 360 3155; x_wconf 91' lang='lat' dir='ltr'>et</span> <span class='ocrx_word' id='word_1_185' title='bbox 376 3102 421 3155; x_wconf 87' lang='lat' dir='ltr'>lex</span> <span class='ocrx_word' id='word_1_186' title='bbox 438 3105 600 3160; x_wconf 87' lang='lat' dir='ltr'>maculosum</span> <span class='ocrx_word' id='word_1_187' title='bbox 619 3109 742 3164; x_wconf 88' lang='lat' dir='ltr'>edomuit</span> <span class='ocrx_word' id='word_1_188' title='bbox 758 3111 843 3178; x_wconf 77' lang='lat' dir='ltr'>nesea,</span> 
     </span>
    </p>
   </div>
  </div>
 </body>
</html>
