2044 3416
80 113 128 174 ros
352 111 504 162 Horreum
520 109 651 162 sunccr

81 190 211 247 Offendor
228 191 347 261 macilis,
367 207 434 261 quas
452 185 500 246 sut
517 190 623 246 incuria
638 189 711 247 fudit

81 267 141 322 dut
159 264 277 322 bumana
294 284 390 337 perum
409 261 480 322 cavit
497 267 603 322 natura
639 265 712 332 Quid
731 284 796 338 ergo
811 269 874 337 esti

80 339 121 396 Ut
139 343 254 411 scriptor
273 343 296 396 si
314 345 408 411 peccet
425 329 499 398 idem
516 337 644 397 librarius
661 359 748 412 usque

81 418 210 480 Quamvis
227 421 270 471 est
288 419 406 472 monitus
424 418 503 472 venia
521 419 610 483 caret;
627 421 659 472 ut
676 412 850 474 citharoedus
890 434 928 477 scs
1015 451 1016 486 3

81 492 200 548 Ridetur
218 493 320 548 chorda
337 493 384 562 qui
403 509 510 560 semper
528 493 638 546 oberrat
656 493 766 549 eadem:

81 569 126 623 Sic
144 569 210 624 mihi
228 569 275 637 qui
293 569 409 623 multum
427 571 515 623 cessat
533 568 567 621 fit
586 568 728 622 Choerilus
745 569 799 636 ille,

81 645 169 710 Quem
186 641 230 700 bis
247 648 325 699 terve
342 635 443 698 bonnm
459 659 522 696 cum
539 643 597 697 risu
614 644 714 709 miror;
732 650 761 698 et
779 645 853 700 idem

81 721 214 789 Indignor
233 720 395 788 quandoque
413 719 500 772 bonus
519 717 650 772 dormitat
669 719 821 786 Homerus;

82 797 195 862 (Verum
214 795 289 864 operi
308 794 387 862 longo
405 794 446 847 fas
464 795 507 846 est
525 792 657 862 obrepere
676 797 814 862 somnum.)
892 811 931 852 aso

81 871 121 926 Ut
139 871 246 940 picture
264 868 368 938 poesis:
385 867 438 922 erit
457 883 526 935 quoe
545 868 569 920 si
587 870 698 937 propius
715 873 773 923 stes

81 946 120 1000 'le
136 946 227 1014 capiat
243 945 338 1012 magis,
357 946 387 998 et
405 942 541 1011 qmedam
561 944 588 996 si'
602 943 708 1012 longius
727 945 826 1000 abates

82 1021 160 1076 Haec
176 1023 250 1075 amat
267 1019 418 1086 obscurum,
436 1017 509 1072 volet
528 1018 595 1072 haee
612 1019 667 1072 sub
680 1019 741 1074 luce
756 1021 850 1090 rideri,

81 1096 190 1151 Judicis
207 1099 336 1165 argutum
353 1110 424 1164 quae
440 1109 494 1147 non
512 1093 643 1148 formidat
662 1111 791 1162 acumem

82 1171 161 1226 Haec
178 1172 280 1241 placuit
297 1169 389 1237 semel,
406 1169 473 1222 haec
491 1167 582 1222 decies
599 1171 719 1238 repetita
737 1171 862 1240 placebit
893 1187 931 1228 ass

81 1247 107 1301 Ο
125 1247 213 1316 major
227 1246 368 1315 juvenum,
386 1243 510 1312 quamvis
528 1248 558 1298 et
576 1261 641 1299 voce
660 1249 775 1313 paterna

82 1320 207 1392 Fingeris
224 1321 260 1376 ad
276 1325 382 1375 rectum
400 1323 429 1374 et
445 1335 495 1388 per
511 1322 541 1374 te
558 1321 639 1388 sapis,
657 1319 708 1374 hoc
724 1321 776 1376 tibi
794 1321 897 1377 dictum

82 1397 158 1452 'folle
176 1413 288 1464 memor,
306 1396 389 1450 certis
406 1395 526 1449 medium
545 1398 574 1448 et
591 1395 735 1450 tolerabile
752 1396 834 1451 rebus

83 1471 169 1528 Recte
187 1471 304 1526 concedi.
339 1469 484 1524 Consultus
498 1469 570 1538 J‘uris
591 1473 621 1524 et
639 1473 716 1525 actor

83 1549 232 1602 Causarum
250 1545 393 1600 mediocris
411 1545 489 1598 abest
505 1544 608 1598 virtute
626 1545 723 1600 diserti
895 1563 934 1605 aro

83 1623 228 1678 Messallae
248 1638 298 1676 nec
316 1622 367 1675 soit
386 1623 517 1690 quantum
536 1619 683 1674 Cascellius
701 1621 797 1690 Aulus,

83 1699 139 1753 Sed
157 1697 295 1752 tamenin
313 1695 403 1764 pretio
421 1699 478 1748 est:
495 1695 677 1749 mediocribus
695 1712 755 1750 esse
772 1695 862 1766 poetis

84 1773 147 1826 Non
164 1773 294 1836 homines,
313 1786 367 1822 non
386 1770 422 1835 di,
440 1785 494 1823 non
513 1785 670 1824 concessere
687 1771 834 1826 columnae.

83 1849 125 1902 Ut
142 1851 234 1915 gratas
251 1847 324 1898 inter
342 1860 449 1898 mensas
468 1845 627 1912 symphonia
645 1847 749 1901 discors
859 1907 861 1911 ,

84 1924 122 1977 llt
132 1937 251 1976 crassum
262 1923 431 1988 unguentum
443 1922 472 1974 et
484 1919 571 1974 Sardo
582 1937 644 1974 cum
656 1922 736 1976 melle
747 1938 865 1991 papaver
895 1937 935 1980 ers

85 1997 367 2066 Offendunt-poteret
386 1993 448 2046 duci
469 1994 534 2063 quie
551 2011 635 2050 coena
655 1997 714 2050 sine
731 1997 804 2052 istis:

85 2073 129 2128 Sic
146 2073 242 2126 animis
260 2074 354 2125 natum
373 2069 568 2138 inventumque
586 2075 683 2139 poema
696 2072 833 2142 juvandis,

85 2149 115 2203 Si
131 2149 243 2218 paulum
261 2162 365 2200 summo
384 2145 502 2198 decessit
519 2147 609 2214 vergit
625 2147 662 2200 ad
680 2147 771 2202 imum.
792 2155 794 2159 '

85 2223 194 2278 Ludere
213 2222 260 2290 qui
277 2221 364 2274 nescit
382 2220 581 2287 campestribus
598 2221 718 2278 abstinet
735 2223 824 2289 armis,

86 2298 271 2364 Indoctusque
288 2294 360 2363 pilae
379 2294 479 2348 discive
496 2295 619 2350 trochive
636 2298 758 2366 quiescit,
896 2313 935 2354 eso

85 2373 112 2428 N
114 2391 129 2428 e
148 2373 249 2440 spissae
268 2370 353 2423 risum
371 2368 471 2422 tollant
489 2369 599 2439 impune
618 2388 761 2427 coronae:-

86 2449 139 2514 Qui
157 2447 244 2501 nescit
261 2461 357 2499 versus
375 2447 467 2498 tamen
485 2445 570 2500 audet
587 2446 699 2514 fingere.
735 2447 854 2512 Quidnil

86 2523 170 2579 Liber
188 2526 217 2577 et
234 2523 374 2590 ingenuus,
393 2521 555 2588 praesertim
575 2537 672 2576 census
690 2527 846 2591 equestrem

86 2601 224 2655 Summam
241 2612 412 2650 nummorum
431 2595 552 2665 vitioque
569 2601 691 2673 remotus
708 2598 743 2652 ab
760 2599 841 2654 omni.

86 2675 127 2728 Tu
144 2673 213 2728 nihil
232 2673 319 2726 invita
337 2671 412 2726 dices
429 2669 547 2725 faciesve
565 2671 704 2737 Mincrva;
897 2689 935 2731 sss
1015 2697 1016 2738 l

87 2750 122 2803 Id
140 2748 192 2802 tibi
206 2747 343 2816 judicium
361 2749 412 2814 est,
431 2761 464 2800 ea
482 2762 567 2801 mens.
603 2747 632 2801 Si
651 2749 718 2816 quid
735 2752 827 2804 tamen
844 2749 910 2805 olim
1015 2745 1016 2794 3

86 2824 232 2893 Scripseris
249 2823 278 2876 iu
298 2822 387 2876 Maeci
406 2821 555 2876 descendat
570 2822 672 2890 judicis
691 2839 771 2876 aures

87 2900 124 2953 Iit
139 2899 226 2967 petris
244 2902 273 2951 et
290 2902 405 2963 nostras,
424 2913 578 2965 nonumque
595 2901 736 2966 prematur
752 2898 781 2951 in
797 2915 906 2970 annum,

87 2971 254 3026 Mernbranis
271 2973 345 3025 intus
362 2971 472 3039 positis:
490 2971 583 3026 delere
601 2972 694 3026 licebit
1015 3041 1016 3044 Ἴ

87 3045 167 3109 Quod
184 3060 238 3095 non
254 3045 387 3108 edideris3
404 3045 491 3098 nescit
508 3062 560 3098 vox
577 3046 660 3100 missa
677 3049 785 3103 reverti.
897 3065 935 3108 roo
1015 3047 1016 3112 J

5 3125 7 3130 '
88 3115 232 3171 Silvestres
248 3116 371 3170 homines
388 3133 464 3170 sacer
481 3119 670 3187 interpresque
688 3122 802 3179 deorum
