2008 3416
339 400 613 470 SATIRARUM

13 375 14 426 l

11 633 14 828 Ι
233 632 395 694 LIBER
429 635 713 697 SECUNDUS.

460 875 475 930 1

50 957 144 1014 “Suum
162 960 263 1030 quibus
280 960 309 1014 in
328 960 412 1015 satira
429 961 525 1014 videor
541 959 623 1014 nimis
641 975 704 1014 acer
721 963 750 1014 et
767 960 841 1016 ultra

50 1031 149 1102 Legem
167 1037 284 1090 tendere
302 1053 383 1107 opus;
401 1037 460 1090 sine
477 1037 568 1090 nervis
585 1037 672 1090 altera
689 1036 824 1105 quidquid

50 1109 192 1181 Composui
210 1129 274 1181 pars
292 1129 351 1166 esso
369 1117 456 1182 putat,
476 1113 630 1181 similesque
648 1128 770 1166 meorum

50 1184 123 1240 Mille
141 1188 189 1242 die
205 1203 301 1242 versus
319 1189 418 1243 deduci
435 1205 521 1256 posse.
557 1187 675 1256 Trebati,

50 1260 119 1324 Quid
125 1263 223 1316 facim
230 1265 404 1332 praescribe.'’
415 1265 429 1292 “
437 1265 586 1329 Quiescas.”
597 1265 613 1291 “
620 1266 646 1318 N
648 1281 663 1317 e
670 1264 774 1333 faciam,
779 1265 895 1336 inquiat

50 1335 164 1392 Omnino
182 1349 276 1393 versus
287 1340 311 1394 l'
342 1341 439 1394 “Aio.”
469 1340 608 1393 “Peream
625 1340 696 1394 male
714 1341 736 1393 si
754 1357 807 1394 non

50 1410 188 1480 Optimum
206 1419 282 1469 erat:
300 1431 394 1469 verum
411 1432 518 1484 nequeo
536 1415 678 1469 dormire.'’
710 1416 784 1470 “Ter
800 1417 877 1472 uncti

50 1485 215 1544 Transnanto
234 1490 353 1544 Tiberim
371 1508 465 1544 somno
482 1490 581 1560 quibus
599 1495 642 1544 est
659 1508 726 1560 opus
743 1492 805 1560 alto,

51 1561 240 1635 Irriguumque
258 1582 332 1620 mero
351 1567 401 1620 sub
418 1571 526 1620 noctem
544 1583 641 1635 corpus
658 1566 785 1620 habento.

52 1637 105 1693 lut
123 1642 147 1694 si
164 1645 258 1695 tantus
277 1659 352 1696 amor
369 1642 506 1696 scribendi
523 1645 553 1695 te
571 1642 644 1712 rapit
661 1641 733 1695 aude
877 1663 898 1702 10

52 1714 170 1770 Caesaris
186 1717 281 1770 invicti
299 1734 343 1772 res
361 1719 460 1786 dicere,
478 1719 565 1772 multa
582 1718 705 1771 laborum

7 1785 9 1880 j
53 1788 172 1846 Praemia
189 1793 315 1847 laturus’'
346 1793 512 1862 “Cupidum,
529 1797 610 1862 pater
627 1794 736 1862 optime,
753 1795 827 1855 vires

7 1887 9 1958 ἑ
53 1863 201 1922 Deficiunt:
219 1885 308 1938 neque
327 1870 399 1922 enim
417 1869 504 1938 quivis
523 1869 662 1923 horrentia
679 1870 740 1938 pilis

7 1963 8 1982 ι
54 1941 166 2010 Agmina
182 1961 234 1998 nec
250 1945 338 1998 fracta
354 1949 501 2013 pereuntes
519 1946 631 2014 cuspide
649 1946 742 1998 Gallos

7 2055 8 2082 ,
54 2017 105 2072 Aut
121 2019 238 2073 labentis
256 2036 326 2088 equo
344 2020 481 2074 describat
498 2021 611 2074 vulnera
630 2019 748 2072 Parthi.”
874 2034 898 2076 la

54 2092 203 2149 “Attamen
221 2099 249 2148 et
264 2095 371 2164 justum
388 2101 499 2165 poteras
517 2099 546 2149 ct
564 2095 683 2149 scribere
701 2094 809 2164 fortem,

53 2167 200 2238 Scipiadam
218 2175 249 2224 ut
267 2172 374 2240 sapiens
394 2171 536 2225 Lucilius.”
573 2170 680 2224 “Haud
697 2171 764 2225 mihi
782 2171 866 2226 deero

53 2242 115 2298 Cum
133 2262 177 2300 res
195 2247 256 2315 ipsa
272 2247 349 2302 feret.
385 2247 446 2301 Nisi
465 2248 563 2301 dextro
580 2250 704 2315 tempore
723 2247 811 2301 Flacci

7 2381 8 2388 ἵ
52 2316 139 2375 Verba
155 2338 206 2390 per
223 2325 356 2376 attentam
374 2339 427 2376 non
445 2323 524 2376 ibunt
544 2322 668 2391 Caesaris
685 2339 787 2388 aurem,

7 2421 8 2472 ἐ
52 2393 98 2448 Oui
114 2398 184 2451 male
202 2398 225 2451 si
242 2398 354 2467 palpare
372 2399 526 2452 recalcitrat
544 2398 665 2467 undique
682 2398 782 2453 tutus.’'
871 2413 894 2452 n

51 2470 176 2536 “Quanto
194 2475 295 2528 rectius
312 2474 363 2527 hoc
380 2490 462 2543 quam
480 2473 554 2528 tristi
572 2473 681 2527 laedere
699 2489 779 2527 versu

7 2615 8 2620 Ἰ
50 2546 237 2602 Pantolabum
254 2565 387 2602 scurram
404 2549 670 2616 Nomentanumque
687 2554 820 2616 nepotem,

51 2622 114 2677 Gum
126 2623 178 2677 sibi
191 2624 306 2693 quisque
314 2625 402 2690 timet,
411 2641 574 2693 quamquam
585 2629 628 2678 est
637 2625 762 2688 intentur,
771 2626 799 2676 ct
808 2620 893 2675 oditr’

51 2697 142 2763 “Quid
159 2701 272 2754 faciaml
297 2700 397 2754 aalma
415 2701 553 2768 Milonius,
571 2703 604 2753 ut
622 2699 705 2751 semel
723 2698 778 2750 icto

50 2775 170 2830 Accessit
186 2775 277 2828 fervor
294 2775 376 2844 capiti
393 2791 578 2843 numerusque
595 2773 720 2826 lucernis.
870 2787 894 2828 aa

50 2850 141 2904 Castor
157 2851 262 2919 gaudet
280 2851 363 2919 equis,
382 2867 432 2904 ovo
449 2852 597 2918 prognatus
616 2847 712 2901 eodem

49 2925 163 2994 Pugnis3
180 2929 248 2995 quot
265 2925 384 2994 capitum
401 2925 503 2998 vivunt,
521 2923 636 2978 totidem
655 2920 806 2975 studiorum

49 3000 147 3056 lilillia:
164 3018 209 3055 me
226 3001 344 3068 pedibus
362 3001 481 3054 delectat
499 3000 625 3052 claudere
643 2996 726 3051 rerba

49 3077 130 3132 Lucili
147 3077 204 3130 ritu
220 3081 344 3129 nostrum
362 3075 488 3150 melioris¹
499 3078 623 3142 utroque.

49 3151 97 3206 Ille
113 3152 190 3206 velut
206 3150 269 3204 fidis
286 3166 384 3204 arcana
401 3148 539 3202 sodalibus
557 3149 620 3200 olim
