2008 3416
324 83 472 134 EPODON
488 84 606 145 LIBER,
625 88 648 134 3.
877 91 908 138 89

152 163 856 234 Pavidumqueleporemetadvcnamlnquecgruem
885 183 908 224 11

187 238 317 292 «iucunda
334 243 427 308 captat
444 240 573 308 praemia

152 315 220 380 Quis
236 331 292 368 non
310 315 443 369 malarum
461 331 529 384 ques
546 331 623 368 amor
641 331 721 369 ouras
739 315 823 373 habet

188 391 267 444 Haeo
285 391 359 444 inter
376 389 565 444 obliviscitur?

153 466 258 532 Quodsi
274 465 375 535 pudiea
392 465 491 518 mulier
507 465 536 518 in
553 469 662 534 partem
675 465 758 534 juvet

188 541 307 595 Domum
325 544 409 610 atque
427 540 521 594 dulces
537 539 647 608 liberos,
882 560 907 602 lo

153 615 253 673 Sabina
271 616 359 686 qualis
377 620 426 670 aut
441 620 556 686 per-ruta
573 616 676 670 solibus

187 691 310 753 Pernicis
328 708 397 745 uxor
416 691 508 760 Apuli,
553 693 559 702 '

153 765 264 822 Sacrum
282 767 400 820 vetustis
417 769 542 821 exstruat
559 765 641 836 lignis
657 767 746 822 focum

186 840 264 894 Lassi
283 840 334 894 sub
351 841 500 896 adventum
517 842 577 910 viri,

152 915 343 984 claudensque
360 917 446 970 textis
462 917 583 971 cratibus
600 917 703 972 laetum
720 934 804 988 pecus
882 932 905 975 lt

187 990 318 1045 Distenta
335 991 419 1045 siccet
436 991 529 1059 ubera,

152 1064 190 1118 Et
206 1065 293 1120 horna
310 1066 385 1120 dulei
402 1067 464 1120 vina
480 1083 609 1136 promens
626 1066 699 1122 dolio

187 1141 280 1209 Dapes
297 1141 434 1210 inemptas
452 1145 583 1211 apparet:

153 1214 180 1268 N
181 1231 215 1269 on
232 1233 278 1270 me
296 1215 415 1271 Lucrina
428 1217 552 1286 juverint
569 1216 706 1286 conchylia

187 1291 312 1360 Magisve
329 1292 459 1346 rhombus
476 1297 525 1346 aut
543 1292 621 1361 scari
876 1306 903 1350 tc

154 1364 268 1435 Siquos
286 1367 350 1422 Eois
367 1368 492 1422 intonata
510 1368 639 1422 fluetibus

187 1441 286 1496 Hiems
303 1442 341 1496 ad
358 1443 410 1497 hoe
427 1447 519 1498 vertat
535 1459 627 1509 mare;

151 1513 214 1570 lion
233 1517 304 1571 Afra
321 1518 380 1572 aris
398 1518 548 1573 descendat
564 1519 594 1572 in
612 1521 739 1574 ventrem
756 1533 854 1588 meum,

184 1590 211 1643 N
213 1607 248 1644 on
265 1596 378 1660 attagen
396 1593 507 1657 Ionicus

153 1664 310 1735 Jucundior,
328 1684 410 1736 quam
427 1669 499 1722 lecta
516 1667 552 1722 de
568 1666 754 1737 pinguissimis
878 1677 902 1721 tt

187 1741 266 1795 Oliva
283 1743 367 1796 ramis
385 1743 512 1797 arborum

154 1817 217 1870 Aut,
227 1817 314 1872 herba
330 1814 434 1886 lapathi
451 1822 531 1887 prata
547 1817 664 1872 amantis
681 1821 711 1872 et
727 1815 804 1886 gravi

186 1891 294 1946 Malvae
312 1893 435 1947 salubres
453 1893 567 1962 corpori,

154 1964 205 2020 Vel
223 1983 294 2036 agna
310 1967 388 2022 iestis
406 1985 484 2022 caesa
502 1967 706 2034 Terminalibus,

186 2041 239 2095 Vel
256 2043 362 2096 haedus
379 2047 492 2113 ereptus
509 2044 580 2112 lupo.
870 2053 901 2096 so

154 2114 211 2170 Has
228 2117 303 2172 inter
320 2118 413 2186 epulas
429 2123 462 2172 ut
475 2118 557 2187 juvat
574 2121 667 2187 pastas
684 2132 749 2172 oves

185 2191 290 2246 Videre
306 2197 485 2262 properantes
503 2194 621 2261 domum,

134 2272 136 2278 ’
154 2263 255 2320 Videre
266 2267 358 2321 ‘fessos
375 2285 514 2322 vomerem
530 2269 668 2323 inversum
686 2266 769 2323 boves

186 2341 262 2396 Collo
279 2343 421 2398 trahentes
437 2345 574 2412 languido,

153 2415 313 2486 Positosque
329 2435 435 2488 vernas,
453 2420 519 2474 ditis
537 2436 651 2474 examen
668 2419 772 2484 domus,
876 2429 899 2470 os

185 2493 294 2547 Circum
312 2495 471 2549 renidentes
489 2496 588 2550 Laresi

153 2565 229 2622 Haec
245 2569 418 2624 ubilocntus
436 2571 573 2624 fenerator
591 2567 716 2638 Alphius,

184 2643 250 2696 Jam
263 2643 323 2712 jam
340 2645 450 2699 futurus
467 2646 593 2714 rusticus,

152 2715 267 2772 Omnem
283 2719 392 2788 redegit
411 2721 507 2776 Idibus
524 2719 675 2791 pecuniam,
797 2767 800 2770 .

184 2793 300 2858 Quaerit
318 2795 453 2852 Kalendis
469 2813 578 2867 ponere.
875 2803 899 2846 ⁷⁰

152 3015 292 3074 Pinnos
310 3013 380 3074 olim'
392 3020 416 3074 si
435 2937 503 3089 unIii
514 3018 598 3090 impia
614 3033 697 3074 manu
788 3086 793 3100 r

184 3090 277 3147 Senile
293 3098 391 3162 guttur
408 3095 530 3163 fregerit,
