2008 3416
26 93 155 160 'ec

398 109 551 158 nonaum
568 109 700 185 uuaccr

192 188 332 244 Inachiam
343 191 388 242 ter
399 191 478 241 nocte
490 192 577 256 potes,
589 189 655 242 mihi
668 203 778 258 semper
787 190 825 245 ad
836 208 927 266 unum
968 205 990 246 1⁵

226 264 317 317 Mollia
333 279 407 332 opus.
443 262 542 316 Pereat
559 264 630 317 male
650 280 720 332 quae
738 269 768 318 te

192 338 290 393 Lesbia
307 340 450 408 quaerenti
468 342 577 392 taurum
596 340 760 410 monstravit
777 339 906 408 inertem,

226 415 295 468 Cum
312 413 378 467 mihi
397 413 468 467 Cous
485 415 595 468 adesset
615 417 757 482 Amyntas,

193 489 277 558 Cujus
294 490 322 542 in
339 489 471 543 indomito
490 490 657 543 constantior
674 490 785 558 inguine
803 506 905 545 nervus

225 566 312 629 Quam
330 581 399 618 nova
416 564 529 618 collibus
546 565 628 618 arbor
645 565 777 620 inhaeret.
958 582 984 620 aa

191 640 341 694 Muricibus
359 640 446 708 Tyriis
463 640 579 694 iteratae
598 640 698 694 vellera
715 640 793 694 lanae
893 707 898 716 Δ
996 705 997 714 ¹

225 716 276 770 Cui
293 716 527 784 properabanturi
564 715 624 769 Tibi
641 733 747 785 nempe,

190 791 217 844 N
219 808 234 844 e
251 791 323 844 foret
339 791 466 860 aequales
483 792 557 844 inter
574 791 692 858 conviva,
710 791 798 858 magis
816 807 900 860 quem

224 865 359 932 Diligeret
376 867 473 919 mulier
490 883 539 919 sua
557 883 637 935 quam
655 869 691 920 te.

190 940 214 993 Ο
232 957 283 1008 ego
301 957 354 993 non
372 941 445 1008 felix,
463 957 544 1009 quam
562 946 594 996 tu
610 941 682 1009 fugis
699 943 731 995 ut
748 943 830 1009 pavet
848 955 926 995 acres
952 958 979 996 as

224 1016 305 1084 Agna
322 1015 399 1084 lupos
417 1031 584 1085 capreaeque
602 1016 708 1071 leones!

501 1158 588 1212 XIII.

154 1237 290 1293 Honnma
306 1242 454 1309 tempestas
471 1241 576 1294 caelum
594 1239 730 1295 contraxit
748 1243 779 1295 et
796 1240 903 1296 imbres

188 1313 325 1383 Nivesque
337 1315 476 1370 deducunt
488 1316 507 1368 J
510 1332 602 1380 ovem;
619 1332 692 1370 nunc
703 1332 787 1384 mare,
798 1333 871 1372 nunc
885 1315 978 1370 siluae

154 1387 278 1442 Threicio
297 1390 432 1457 Aquilone
451 1394 562 1444 sonant:
580 1391 724 1460 rapiamus,
743 1391 830 1459 amici,

188 1463 362 1517 Occasionem
380 1465 415 1518 de
433 1465 487 1533 die,
505 1465 626 1534 dumque
644 1466 735 1519 virent
751 1481 842 1533 genua

152 1536 190 1592 Et
207 1538 295 1603 decet,
313 1539 432 1594 obducta
449 1541 569 1594 solvatur
586 1541 676 1594 fronte
695 1545 828 1595 senectus.
961 1559 975 1596 e

187 1613 228 1666 Tu
244 1615 307 1667 vina
325 1614 462 1683 Torquato
480 1631 558 1668 move
576 1616 685 1670 consule
702 1632 796 1684 pressa
813 1632 883 1672 meo.

153 1688 253 1743 Cetera
270 1685 350 1743 mitte
367 1689 457 1757 loqui:
477 1690 544 1744 deus
562 1691 629 1744 haec
646 1691 762 1746 fortasse
779 1691 902 1759 benigna

185 1763 312 1817 Reducet
329 1765 357 1816 in
377 1765 470 1818 sedem
487 1765 553 1819 vice.
582 1766 668 1828 Nunc
686 1770 715 1820 et
734 1766 923 1822 Achaemenio
997 1823 998 1828 χ

152 1836 284 1890 Perfundi
302 1838 389 1891 nardo
404 1837 485 1906 juvat
502 1843 532 1893 et
549 1840 604 1894 fide
623 1841 750 1910 Cyllenea
997 1889 998 1892 ,

185 1911 290 1967 Levare
308 1912 375 1965 diris
392 1917 502 1981 pectora
520 1915 761 1982 sollicitudinibus;
951 1933 974 1970 ro

150 1986 256 2040 Nobilis
274 1990 306 2041 ut
323 1988 420 2055 grandi
438 1989 537 2043 cecinit
555 1990 709 2044 Centaurus
727 1991 852 2048 alumno:

185 2062 300 2130 Invicta,
318 2063 440 2118 mortalis
458 2064 512 2118 dea
529 2067 593 2119 nate
611 2082 680 2134 puer
698 2066 822 2132 Thetide,

149 2136 188 2194 Te
205 2141 298 2192 manet
316 2139 442 2192 Assaraci
460 2139 549 2208 tellus,
567 2156 649 2208 quam
667 2141 768 2209 frigida
784 2139 862 2209 parvi

184 2211 308 2266 Findunt
327 2214 484 2267 Scamandri
501 2215 613 2269 flumina
631 2216 751 2270 lubricus
768 2221 797 2269 et
815 2216 927 2286 Simois,

150 2285 231 2341 Unde
248 2287 300 2340 tibi
317 2288 438 2344 reditum
455 2294 529 2344 certo
547 2291 701 2345 subtemine
720 2292 820 2345 Parcae
947 2307 970 2347 ιι

184 2362 301 2430 Rupere,
320 2378 370 2415 nec
386 2368 474 2418 mater
491 2365 599 2418 domum
619 2367 728 2420 caerula
745 2370 774 2420 te
791 2365 912 2422 revehet

134 2437 212 2492 .lllio
229 2452 308 2491 omne
326 2437 425 2492 malum
443 2439 506 2492 vino
523 2445 659 2510 cantuque
676 2442 773 2508 levato,

184 2511 321 2565 Deformis
338 2513 519 2580 aegrimoniae
537 2515 661 2570 dulcibus
679 2515 810 2586 alloquiis

501 2653 579 2710 XIV.

215 2733 324 2792 Mennis
342 2734 440 2790 inertia
458 2751 506 2789 cur
523 2739 629 2791 tantam
647 2737 789 2792 diffuderit
806 2736 870 2792 imis

250 2809 421 2864 Oblivionem
439 2810 570 2879 sensibus,

215 2884 314 2938 Pocula
332 2886 466 2939 Lethaeos
483 2889 515 2939 ut
533 2888 556 2939 si
574 2887 702 2942 ducentia
720 2903 828 2941 somnos

249 2961 354 3013 Arente
370 2960 447 3012 fauce
464 2962 602 3028 traxerim,

214 3032 337 3086 Candide
355 3034 505 3102 Maecenas,
524 3037 624 3090 occidis
642 3053 724 3106 saepe
741 3039 880 3106 rogando:
951 3055 964 3096 t

248 3105 330 3171 Deus,
349 3106 418 3158 deus
434 3124 496 3160 nam
515 3125 559 3160 me
576 3114 653 3163 vetat
