2036 3416
97 143 129 192 12

373 140 530 189 HORATII
548 139 677 190 FLAccr

206 225 309 280 uastas
326 227 356 275 et
373 221 468 274 calami
488 220 590 289 spicula
608 221 699 274 Gnosii

206 287 315 352 Vitabis
333 297 535 364 strepitumque
553 299 583 349 et
601 296 718 350 celerem
736 297 812 365 sequi
870 339 872 343 ,

207 373 340 442 Ajscem3
357 376 450 426 tamen
468 372 523 426 heu
541 387 618 424 serus
635 371 776 425 adulteros

241 449 337 503 Orines
355 447 467 515 pulvere
485 446 604 500 collines.

207 524 270 578 Non
289 523 453 577 Laertiaden
472 522 587 576 exitium
604 526 669 576 tuae

206 600 298 666 Genti,
317 615 370 652 non
389 597 495 666 Pylium
513 597 632 651 Nestora
649 599 780 667 respiciet

207 675 316 743 Urgent
332 673 463 742 impavidi
480 677 510 726 te
528 672 689 726 Salaminius

241 751 345 804 Teucer
362 753 392 802 et
410 747 556 803 Sthenelus
574 748 663 802 sciens
698 788 701 794 .

209 825 327 892 Pugnae,
346 823 403 877 sive
420 839 488 892 opus
506 826 549 877 est
566 823 724 892 imperitare
742 826 819 893 equis

208 901 233 954 N
237 917 271 953 on
289 899 383 966 auriga
399 898 493 966 piger3
512 898 655 952 Merionen
673 915 781 967 quoque

208 976 319 1030 Nosces
354 975 424 1027 llcce
442 973 510 1026 furit
526 977 556 1027 te
574 973 697 1042 reperire
714 978 793 1028 strox

243 1050 363 1120 Tydides
380 1049 476 1103 melior
493 1053 579 1118 patre,

209 1127 297 1191 Quem
314 1130 347 1180 tu
365 1142 460 1179 cervus
478 1125 614 1178 uti'vallis
630 1125 659 1178 in
677 1125 763 1180 alters

209 1203 307 1256 Visum
325 1204 404 1270 parte
422 1201 516 1268 lupum
532 1200 664 1268 graminis
680 1201 821 1254 immemor

208 1278 324 1334 Sublimi
341 1277 429 1344 fugies
446 1276 535 1329 mollis
553 1277 684 1343 anhelitu,

244 1355 306 1412 Non
325 1353 376 1406 hoc
393 1352 529 1422 pollicitus
546 1355 618 1406 tuoe.

210 1430 346 1484 Iracunde
364 1429 436 1482 diem
454 1429 576 1496 proferet
595 1429 646 1482 llio
725 1425 727 1430 ’

210 1505 399 1573 Matronisque
419 1504 556 1572 Phrygum
574 1503 667 1556 classis
686 1503 821 1570 Achillei3

210 1581 277 1637 Post
294 1585 384 1636 certes
401 1581 505 1634 hiemes
522 1584 586 1635 uret
605 1581 742 1635 Achaicus

246 1659 323 1727 Ignis
342 1657 438 1711 Iliacos
457 1656 559 1710 domos.

410 1844 414 1851 .
495 1795 573 1850 xvi.
625 1776 626 1780 '

211 1878 235 1932 0
253 1895 351 1931 nnrne
369 1876 481 1946 pulchra
499 1878 555 1932 filia
571 1877 714 1948 pulchrior,

210 1953 299 2018 Quem
316 1953 466 2006 criminosis
484 1970 592 2023 cunque
609 1954 683 2008 voles
700 1953 812 2008 modum

247 2029 335 2083 Pones
351 2028 459 2094 iambis,
478 2030 535 2083 sive
553 2029 661 2082 flamma

224 2168 227 2173 ¹
279 2105 342 2160 Sive
360 2107 427 2159 mari
445 2104 514 2159 libet
533 2105 679 2159 Hadriano.

210 2181 273 2234 Non
292 2181 471 2248 Dindymene,
490 2198 544 2234 non
562 2181 651 2248 adytis
669 2183 759 2249 quatit

210 2256 333 2310 Mentem
351 2256 525 2310 secerdotum
543 2256 630 2309 incola
649 2256 770 2326 Pythius,

244 2331 306 2384 Non
325 2330 519 2400 Liberaeque,
537 2348 590 2384 non
608 2337 688 2386 acuta

280 2406 324 2459 Sic
341 2407 481 2473 geminant
500 2407 667 2474 Corybantes
685 2423 749 2460 aere

209 2480 314 2534 Tristes
330 2485 362 2534 ut
379 2481 443 2547 irae,
462 2498 529 2551 quas
547 2499 637 2551 neque
655 2483 771 2536 Noricus

210 2555 343 2610 Deterret
360 2557 432 2610 ensis
449 2573 500 2611 nec
517 2573 591 2611 mere
608 2557 769 2626 naufragum

245 2632 303 2686 Nec
320 2648 416 2685 saevus
433 2632 505 2699 ignis
521 2649 572 2687 noc
589 2633 734 2687 tremendo

277 2708 408 2776 «luppiter
424 2707 483 2775 ipse
501 2723 584 2761 ruens
601 2707 728 2762 tumultu

210 2782 310 2838 Fertur
328 2783 513 2851 Prometheus,
532 2784 635 2838 addere
651 2782 766 2855 principi
788 2849 789 2854 ἵ

209 2858 287 2912 Limo
304 2863 413 2914 coactus
430 2860 589 2929 particulam
607 2860 728 2931 undique

244 2934 397 3002 Desectam,
413 2940 444 2990 et
460 2936 546 2991 insoni
563 2936 649 2992 leonis

278 3009 343 3063 Vim
360 3013 498 3068 stomacho
515 3014 672 3084 apposuisse
688 3019 781 3072 nostro

210 3082 274 3136 Irae
290 3084 426 3152 Thyesten
444 3089 528 3143 exitio
545 3090 621 3156 gravi

210 3157 345 3226 Strevere,
364 3163 394 3214 et
411 3161 474 3215 altis
490 3163 604 3216 urbibus
621 3163 734 3219 ultimae

935 2951 958 2986 15
