2008 3416
328 73 535 124 CARMINUM
551 73 600 127 IV.
620 76 657 125 15.
886 82 917 128 or

236 155 305 210 eum
323 155 411 208 saevit
428 155 648 223 horrendamque
665 156 747 212 cultis

268 231 407 284 Diluviem
425 230 577 284 meditatur
594 232 674 299 agris,

202 305 242 358 Ut
258 305 439 359 barbarorum
458 305 589 360 Claudius
605 308 715 375 agmina

202 379 316 435 Ferrata
333 385 411 435 vasto
429 382 515 436 diruit
531 383 638 452 impetu
891 402 915 442 re

235 457 397 526 Primosque
415 461 444 512 et
461 461 599 512 extremos
616 457 745 512 metendo

244 567 247 573 -
268 532 373 586 Stravit
390 532 503 586 humum
521 533 580 588 sine
597 533 674 587 clade
692 533 787 604 victor,

200 605 239 660 'l'e
255 608 352 676 copias,
369 611 399 661 te
417 608 557 662 eonsilium
575 611 605 662 et
620 612 684 662 tuos

200 679 353 736 Praebente
370 683 454 738 divos
489 684 561 738 Nam
577 684 637 751 tibi,
656 699 711 752 quo
728 683 774 737 die

233 756 332 811 Portus
350 757 526 812 Alexandrea
543 759 658 828 supplex

265 833 303 886 Et
320 849 433 886 vacuam
450 833 581 902 patefecit
597 835 694 904 arulam,

198 905 422 965 rortmalustro
439 925 570 976 prospera
587 909 671 962 tertio

198 980 267 1036 Belli
284 983 417 1038 seevmdos
434 984 558 1038 reddidit
575 985 673 1050 exitus,

229 1058 407 1128 Laudemque
425 1063 456 1113 et
473 1062 599 1128 optatum
616 1061 735 1127 peractis

264 1135 392 1203 Imperiis
410 1134 493 1188 decus
510 1135 655 1202 arrogavit.
884 1153 908 1196 ro

198 1206 235 1262 'le
252 1209 389 1263 Cantaber
405 1227 460 1264 non
478 1213 542 1264 ante
559 1209 703 1264 domabilis

199 1283 352 1354 Medusque
370 1288 400 1339 et
418 1285 512 1353 Indus,
529 1288 559 1338 te
575 1285 706 1353 profugus
724 1285 838 1356 Scythes

229 1359 353 1429 Miratur,
373 1376 389 1414 o
407 1361 495 1414 tutela
512 1376 643 1429 praesens

263 1434 361 1490 Italiae
379 1436 559 1504 dominaeque
577 1435 687 1493 Romae.

196 1509 233 1563 Te
248 1509 365 1564 fontium
382 1511 430 1580 qui
447 1511 519 1565 celat
536 1511 653 1578 origines
880 1528 905 1570 rs

195 1585 328 1654 Nilusque
346 1590 376 1640 et
394 1585 473 1653 Ister,
491 1590 521 1641 te
537 1587 649 1655 rapidus
667 1587 762 1656 Tigris,

227 1661 265 1714 'le
281 1661 419 1716 belluosus
436 1663 484 1731 qui
501 1663 613 1716 remotis

262 1736 404 1806 Obstrepit
422 1737 546 1792 Oceanus
563 1737 710 1807 Britannis,

193 1811 232 1866 'le
250 1828 304 1866 non
320 1812 446 1880 paventis
462 1813 559 1867 funere
577 1813 682 1868 Galliae

192 1887 339 1957 Duraeque
356 1888 438 1942 tellus
456 1889 534 1943 audit
552 1889 692 1957 Hiberiae,
878 1907 903 1948 to

224 1962 262 2016 'le
279 1963 362 2016 caede
379 1963 531 2032 gaudentes
549 1963 684 2032 Sigambri

258 2037 421 2107 Compositis
439 2043 604 2094 venerantur
622 2039 710 2094 armis

448 2173 510 2229 XV.

188 2254 322 2310 Pnonsus
340 2254 477 2316 volentem
493 2254 597 2324 proelia
613 2271 658 2309 me
675 2253 750 2324 loqui

145 2395 150 2406 ⁸
186 2329 281 2384 Victas
298 2333 327 2384 et
345 2331 428 2384 urbes
445 2331 579 2398 increpuit
596 2331 661 2399 lyra,

219 2405 247 2458 N
249 2421 264 2459 e
280 2421 365 2473 parva
383 2406 553 2474 Tyrrhenum
570 2422 620 2473 per
636 2422 740 2476 aequor

252 2479 323 2534 Vela
340 2481 443 2535 darem.
471 2481 536 2548 Tua,
555 2481 661 2548 Caesar,
680 2485 757 2535 aetas

184 2553 289 2622 Fruges
307 2558 337 2608 et
355 2555 428 2622 agris
446 2555 555 2609 rettulit
572 2555 672 2607 uberes
884 2565 898 2610 o

185 2629 222 2682 Et
239 2630 316 2697 signa
333 2633 427 2684 nostro
443 2629 565 2684 rest'tuit
583 2629 602 2682 J
604 2629 647 2682 ovi

217 2703 341 2773 Derepta
359 2704 524 2758 Parthorum
541 2703 665 2772 superbis

252 2778 388 2846 Postibus,
407 2783 436 2833 et
453 2796 567 2834 vaenum
585 2777 683 2831 duellis

180 2851 284 2907 Jauum
303 2854 408 2918 Quirini
426 2855 530 2920 elausit,
549 2857 579 2907 et
596 2851 720 2905 ordinem

181 2926 300 2982 Rectum
318 2929 445 2994 evaganti
463 2929 541 2980 frena
557 2925 683 2980 licentiae
870 2941 893 2983 ιο

210 3002 318 3071 Injecit‚
337 3003 493 3067 emovitque
511 2999 609 3066 culpas,

250 3077 288 3129 Et
305 3079 414 3127 veteres
431 3071 567 3124 revocavit
584 3075 658 3123 artes
