2008 3416
281 129 489 178 CARMINUM
506 130 559 178 ΠΙ.
577 131 619 182 27.
846 133 878 180 6⁵

163 211 208 265 sic
223 213 253 264 et
271 210 381 278 Europe
399 210 509 264 niveum
528 209 624 264 doloso
853 225 877 267 rt

164 285 289 339 Credidit
306 289 386 338 tauro
403 285 476 338 latus
494 288 524 338 et
541 289 693 340 scatentem
787 279 797 296 ⁸

163 360 266 415 Belluis
283 364 397 428 pontum
415 361 576 430 mediasque
593 360 706 415 fraudes

200 435 302 489 Palluit
319 435 418 490 audax.

164 511 258 579 Nuper
275 511 304 564 in
321 511 408 578 pratis
425 509 548 566 studiosa
566 510 664 564 florum
682 514 712 567 et

164 586 280 640 Debitae
296 586 430 654 Nymphis
447 587 540 654 opifex
557 601 673 640 coronae

164 662 250 716 Nocte
267 661 399 715 sublustri
415 661 485 715 nihil
502 665 578 716 astra
594 665 706 729 praeter

198 737 278 790 Vidit
296 740 326 790 et
342 734 445 791 undas!

165 814 238 878 Quae
256 813 337 866 simul
354 817 466 867 centum
482 812 578 880 tetigit
597 815 738 880 potentem

165 888 278 957 Oppidis
297 887 414 942 Creten:
433 888 523 953 Pater,
541 904 558 941 o
575 888 702 942 relictum

164 963 248 1018 Filiae
264 979 362 1017 nomen
380 964 531 1032 pietasque,
549 962 628 1030 dixit,

197 1041 279 1094 Victa
295 1039 404 1094 furore!
492 1079 495 1086 -

163 1115 244 1169 Unde
261 1131 315 1184 quo
331 1115 414 1170 venii
449 1113 531 1168 Levis
548 1130 605 1168 una
622 1129 696 1167 mors
714 1118 757 1170 est

163 1189 306 1259 Virginum
323 1191 428 1259 culpae.
462 1189 624 1257 vigilansne
642 1190 720 1257 ploro

163 1265 252 1334 Turpe
268 1266 448 1334 commissum,
465 1280 501 1319 an
518 1265 594 1318 vitiis
611 1270 749 1320 carentem

197 1341 283 1395 Ludit
301 1341 391 1409 imago

163 1416 242 1471 Vana
259 1433 329 1486 quae
346 1421 427 1486 porta
442 1417 550 1486 fugiens
567 1415 672 1471 eburna

164 1492 302 1547 Somnium
320 1493 414 1548 ducit?
450 1493 584 1564 Meliusne
601 1493 703 1546 linctus

164 1568 210 1622 Ire
226 1585 279 1637 per
294 1568 390 1636 longos
407 1567 462 1622 fuit
479 1583 516 1622 au
532 1573 660 1621 recentes

198 1644 319 1712 Carpere
335 1644 435 1698 floresl

164 1717 193 1773 Si
210 1719 272 1788 quis
288 1718 502 1794 infamem-mihi
519 1733 591 1774 nunc
602 1716 751 1788 juvencum

164 1794 257 1848 Dedat
273 1794 361 1849 iratae
372 1795 501 1849 lacerare
518 1795 593 1849 ferro
610 1799 640 1849 et

164 1869 303 1936 Frangere
320 1871 410 1924 enitar
426 1871 509 1925 modo
525 1871 643 1925 multum
662 1869 747 1926 amati

198 1945 306 2000 Cornua
323 1947 446 2001 monstri.

151 2019 314 2089 ¹Inrpndens
331 2021 399 2090 liqui
415 2021 520 2090 patrios
538 2023 664 2088 Penates,

165 2095 315 2164 Inrpudens
333 2095 434 2149 Orcum
452 2113 550 2152 moror.
586 2097 610 2150 Ο
629 2097 741 2150 deorum

164 2171 194 2226 Si
212 2171 274 2240 quis
291 2171 359 2224 haec
375 2172 463 2240 audis,
480 2173 586 2226 utinam
603 2172 677 2226 inter
694 2169 784 2227 errem
880 2231 884 2240 ,

197 2246 281 2299 Nuda
298 2245 408 2301 leones!

165 2323 322 2390 Antequam
339 2321 429 2390 turpis
445 2323 546 2377 macies
563 2322 693 2378 decentes

164 2397 287 2466 Occupet
303 2398 391 2452 malas
405 2403 573 2468 teneraeque
590 2415 684 2453 succus

164 2471 275 2526 Defluat
291 2473 417 2542 praedae,
436 2476 557 2543 speciosa
575 2491 677 2544 quaero

200 2548 316 2602 Pascere
333 2549 426 2617 tigres.

164 2621 236 2676 Vilis
255 2625 370 2692 Europe,
389 2627 470 2693 pater
486 2626 568 2691 urget
584 2623 699 2679 absens:
732 2657 734 2662 ·

165 2698 238 2762 Quid
254 2699 324 2752 mori
342 2701 450 2753 cessasl
486 2699 569 2752 Potes
586 2699 636 2750 hac
653 2698 688 2751 ab
706 2711 771 2752 orno

164 2772 319 2828 Pendulum
336 2791 402 2829 rona
419 2775 490 2828 bene
508 2777 538 2828 te
555 2777 650 2828 secute

198 2849 321 2904 haedere
339 2851 443 2904 collum.

132 2992 140 2998 .
164 2923 227 2978 Sive
244 2929 274 2978 te
291 2942 373 2994 rupes
390 2929 419 2979 et
436 2929 516 2980 acuta
532 2925 589 2980 leto

163 2999 235 3053 Saxa
253 3001 393 3055 delectant
410 3017 460 3069 age
478 3006 507 3055 te
524 2998 658 3070 procellae

163 3073 254 3130 Crede
271 3077 363 3142 veloci,
381 3077 434 3129 nisi
452 3076 538 3129 herile
555 3075 641 3129 mavis

197 3149 319 3221 Carpere
336 3165 451 3218 pensum
