2008 3416
99 129 130 174 82

377 124 530 173 HORATII
549 124 677 173 FLAGCI

239 203 299 267 Qu'o
315 203 386 272 fugit
403 219 495 268 venus,
513 202 574 267 heu,
592 219 681 271 quove
699 205 792 260 colori
809 208 909 265 decens

240 279 300 344 Quo
318 281 428 332 motusl
446 277 514 346 quid
530 277 615 330 habes
632 277 711 347 illius,
728 280 808 350 illius,
996 280 997 284 ’

275 353 351 417 Quae
369 353 492 422 spirabat
509 368 624 420 amores,

309 429 385 494 Quae
402 445 447 482 me
464 431 611 495 surpuerat
628 428 703 496 mihi,
933 451 966 490 ω

239 502 317 557 Felix
334 507 397 572 post
415 503 549 569 Cinaram,
567 506 686 572 notaque
704 507 734 558 et
750 506 850 561 artium

239 578 386 634 Gratarum
402 579 505 633 faciest
541 578 599 633 Sed
616 578 731 633 Cinarae
747 578 845 636 breves

274 657 372 708 Annos
388 655 447 709 fata
464 654 608 722 dederunt,

265 751 270 761 ·
309 729 456 784 Servatum
473 730 522 783 diu
539 747 634 798 parem

240 803 363 859 Cornicis
380 805 487 859 vetulae
505 805 675 874 temporibus
694 804 792 875 Lycen,
935 823 966 863 ιε

240 880 356 937 Possent
372 883 405 934 ut
417 881 536 948 juvenes
553 882 643 936 visere
660 880 759 935 fervidi

273 955 362 1010 Multo
378 972 432 1008 non
450 955 508 1010 sine
525 956 583 1009 risu

307 1030 447 1100 Dilapsam
463 1031 493 1084 iu
510 1031 616 1086 cineres
632 1032 727 1088 lacem.

236 1250 320 1316 Quen
337 1269 403 1307 cura
419 1256 530 1323 patrum
548 1271 651 1325 quaeve
670 1254 819 1320 Quiritium

237 1325 332 1386 Plenis
349 1329 481 1383 honorum
499 1331 655 1385 muneribus
673 1336 742 1400 tuas,

274 1407 408 1472 Auguste,
427 1406 544 1460 virtutes
561 1405 590 1458 in
607 1423 703 1460 aevum

309 1480 364 1533 Per
381 1480 477 1534 titulos
494 1497 682 1551 memoresque
699 1482 784 1540 fastos

238 1554 385 1622 secernet,
403 1571 420 1609 ο
438 1573 492 1626 qua
509 1556 548 1609 sol
565 1556 727 1610 habitabiles

238 1628 363 1686 Illustrat
390 1648 452 1686 oras
469 1633 586 1686 maxime
602 1633 766 1701 principum?

274 1707 362 1772 Quem
380 1707 449 1774 legis
468 1711 594 1775 expertes
613 1707 727 1763 Latinae

311 1781 448 1834 Vindelici
466 1782 692 1852 didicerenuper

237 1854 312 1921 Quid
330 1856 421 1909 Marte
437 1871 537 1924 posses.
572 1857 663 1912 Milite
680 1875 743 1913 nam
759 1863 809 1914 tuo

237 1929 346 1986 Drusus
364 1931 517 1999 Genaunes,
535 1933 710 2002 implacidum
727 1950 820 2004 geniis,
938 1965 962 2004 10

273 2006 453 2077 Breunosque
470 2008 583 2077 veloces,
602 2011 631 2062 ct
649 2025 724 2063 arces
772 2049 774 2054 -

308 2083 427 2153 Alpibus
444 2083 586 2152 impositas
603 2084 757 2138 tremendis

238 2156 349 2226 Dejecit
366 2177 430 2214 acer
447 2159 509 2228 plus
526 2159 586 2214 vice
603 2159 735 2226 simplici;

235 2232 337 2300 'Major
353 2235 494 2288 Neronum
512 2251 575 2288 mox
592 2251 675 2303 gnare
692 2234 826 2303 proelium

272 2308 416 2362 Commisit
433 2310 621 2379 immanesque
640 2310 742 2364 Raetos
938 2331 961 2371 15

306 2385 444 2452 Auspiciis
461 2386 568 2454 pepulit
585 2385 718 2452 secundis,

238 2457 411 2527 Spectandae
428 2461 457 2514 in
475 2461 622 2514 certamine
640 2460 750 2530 Martio,

237 2534 345 2588 Deiota
361 2537 443 2590 morti
459 2540 571 2606 pectora
587 2535 690 2590 liberae

271 2609 387 2674 Quantis
403 2612 535 2680 fatigaret
552 2607 651 2676 r'uinis;

307 2685 460 2740 Indomitas
477 2703 563 2755 prope
580 2687 667 2754 qualis
684 2686 773 2742 undas
943 2703 967 2740 er

235 2759 353 2816 Exercet
371 2762 482 2830 Auster,
501 2761 648 2816 Pleiadum
665 2762 746 2816 choro

236 2835 384 2890 Scindente
401 2837 497 2904 nubes,
515 2837 632 2905 impiger
649 2837 770 2891 hostium

268 2909 379 2964 Vexare
395 2913 501 2965 turmas
519 2915 549 2965 et
566 2913 729 2965 frementem

304 2985 419 3039 Mittere
437 3003 537 3054 equum
555 2987 660 3039 medios
677 3005 728 3056 per
745 2987 832 3054 ignes.

236 3057 281 3111 Sic
298 3060 463 3112 tauriformis
480 3061 597 3113 volvitur
616 3061 741 3127 Aufidus,
944 3085 967 3122 95

235 3129 289 3193 Qui
306 3146 391 3198 regna
409 3132 500 3186 Dauni
516 3134 644 3200 praefluit
663 3136 756 3204 Apuli,
