2044 3416
116 105 161 154 rea
376 91 544 150 'Honnrn
561 101 690 175 nascor

517 246 557 300 ΙΙ.

114 336 238 392 'laesam
254 337 320 392 belii
338 337 506 407 scriptorem,
523 336 642 391 maxime
661 337 738 405 Lolli,

113 413 188 467 Dum
206 417 238 467 tu
255 413 390 467 declamas
409 413 512 466 Itomae
530 413 678 467 Praeneste
695 414 799 482 relegi3

114 489 167 554 Qui
179 489 246 558 quid
258 489 295 543 sit
306 489 457 558 pulchrum,
468 487 535 557 quid
546 491 635 557 turpe,
648 489 716 557 quid
727 489 803 558 utile,
815 491 890 560 quid
903 511 987 570 non,

114 564 225 619 Planius
243 581 275 618 ao
292 565 388 618 melius
407 563 557 633 Chrysippo
575 568 606 619 et
623 564 756 620 Crantore
774 566 849 624 dicit.

114 641 170 694 Cur
187 641 227 695 ita
242 640 406 694 crediderim
423 640 475 693 nisi
493 639 561 710 quid
577 643 607 694 te
625 640 732 694 detinet
750 643 840 699 audi..

113 715 218 770 Fabula
236 733 290 785 qua
309 716 415 770 Paridis
432 721 545 785 propter
561 719 689 770 narratur
706 733 827 774 amorem

113 791 227 846 Graecia
244 791 393 846 Barbarion
410 791 484 846 lento
501 791 595 845 collisa
612 791 704 846 duello

113 867 264 921 Stultorum
282 884 377 935 regum
394 871 424 920 et
441 868 602 936 populorum
619 869 742 923 continet
759 872 860 926 aestus.

113 943 239 998 Antenor
256 947 350 997 censet
366 943 432 997 belli
449 943 609 1012 praecidere
627 959 751 998 oaumm:
818 987 820 992 ,

113 1019 187 1083 Quid
205 1019 301 1073 Paris‘l
336 1019 378 1074 Ut
395 1019 485 1073 salvus
502 1022 600 1087 regnet
617 1019 747 1088 vivatque
764 1019 863 1076 beatus
961 1045 991 1082 10

113 1094 179 1164 Cogi
197 1113 277 1166 posse
294 1098 384 1163 negat.
419 1094 521 1148 Nestor
539 1111 700 1163 componere
717 1095 780 1150 lites

113 1171 193 1226 Inter
211 1171 326 1225 Peliden
343 1170 457 1224 festinat
474 1173 504 1224 et
520 1170 594 1224 inter
612 1171 745 1236 Atridam

112 1245 195 1300 Hune
212 1263 294 1314 amor,
313 1246 355 1300 ira
372 1245 482 1315 quidem
502 1246 682 1300 communiter
698 1247 756 1301 urit
772 1250 939 1318 utrumque.

112 1321 253 1391 Quidquid
270 1321 389 1376 delirant
406 1337 485 1389 reges
502 1321 658 1390 plectuntur
676 1321 781 1376 Achivi.

112 1397 260 1465 Seditione,
280 1397 357 1464 dolis,
376 1397 478 1450 scelere
496 1401 580 1465 atque
597 1395 711 1450 libidine
728 1401 758 1451 et
774 1397 816 1452 ira
957 1421 985 1460 15

112 1473 209 1528 Iliacos
226 1474 299 1526 intra
316 1488 408 1526 muros
425 1475 553 1541 peccatur
571 1475 601 1526 et
618 1475 704 1526 extra.

112 1547 218 1602 Rursus
235 1547 303 1617 quid
320 1548 407 1602 virtus
425 1548 539 1615 etquid
557 1547 692 1616 sapientia
708 1549 795 1618 possit

111 1623 188 1678 Utile
206 1623 347 1693 proposuit
364 1623 442 1676 nobis
460 1623 600 1690 exemplar
618 1623 726 1691 Ulixen,

112 1699 165 1763 Qui
183 1700 301 1754 domitor
319 1698 416 1766 Trojae
433 1699 580 1752 multorum
598 1700 729 1768 pron'dus
746 1699 828 1755 urbes

111 1774 148 1828 Et
165 1791 255 1828 mores
273 1775 412 1828 hominum
429 1774 558 1842 inspexit,
576 1775 717 1844 latumque
734 1770 785 1845 per
801 1793 914 1845 aequor,
948 1797 977 1836 20

110 1849 184 1902 Dum
202 1850 254 1903 sibi
272 1850 338 1903 dum
356 1849 434 1903 sociis
451 1850 572 1904 reditum
589 1855 675 1919 parat,
693 1867 790 1920 aspera
808 1852 897 1906 multa

111 1924 230 1980 Pertulit
247 1925 369 1979 adversis
386 1942 478 1979 rerum
495 1926 685 1980 immersabilis
701 1927 789 1982 undis

110 1999 237 2054 Sirenum
254 2017 333 2056 voees
351 2004 380 2056 et
398 2001 493 2055 Circae
511 2001 607 2070 poeula
624 2001 696 2055 nosti
705 2022 713 2067 ;

110 2075 186 2141 Quae
204 2078 306 2131 sicum
324 2077 402 2131 sociis
420 2076 521 2130 stultus
539 2077 708 2146 cupidusque
724 2076 848 2147 bibisset,

110 2151 167 2206 Sub
185 2153 294 2207 domina
310 2153 454 2211 meretrice
472 2153 569 2206 fuisset
587 2153 676 2222 turpis
693 2156 723 2207 et
735 2169 843 2223 excors,
947 2175 973 2214 25

110 2227 233 2282 Vixisset
249 2229 323 2282 oanis
340 2227 498 2282 immundus
515 2228 559 2282 vel
577 2228 664 2282 amica
680 2229 738 2282 luto
756 2245 811 2283 sus.

109 2302 136 2357 N
138 2320 167 2356 os
185 2321 314 2357 numerus
332 2321 424 2357 sumus
442 2308 471 2358 et
488 2304 582 2372 fruges
600 2320 757 2358 consumere
773 2305 839 2375 nati,

102 2379 206 2449 'Sponsi
225 2379 384 2448 Penelopae,
401 2379 557 2448 nebulones,
575 2379 735 2449 Alcinoique

109 2455 144 2510 In
161 2459 224 2510 cute
242 2455 363 2510 curanda
378 2455 440 2523 plus
457 2471 545 2523 aequo
562 2459 675 2524 operata
688 2457 827 2524 juventus,

109 2531 160 2586 Cui
177 2531 321 2601 pulchrum
338 2530 392 2584 fuit
409 2527 438 2584 in
455 2531 560 2584 medios
578 2531 697 2586 dormire
715 2532 774 2585 dies
791 2535 820 2586 et
945 2551 971 2591 ao

108 2607 156 2662 Ad
173 2609 318 2677 strepitum
336 2607 457 2661 citharae
474 2610 609 2660 cessatum
627 2607 728 2660 ducere
745 2623 844 2662 euram.

107 2682 149 2736 Ut
162 2683 292 2752 jugulent
309 2683 432 2737 homines
450 2685 564 2750 surgunt
583 2682 619 2737 de
636 2689 717 2737 nocte
734 2683 871 2740 latronesr

107 2758 148 2812 Ut
165 2763 194 2813 te
212 2760 302 2830 ipsum
320 2775 413 2812 serves
430 2774 484 2812 non
502 2759 719 2827 expergisceris?
755 2757 844 2829 Atqui

106 2832 137 2896 fii
154 2834 230 2888 noles
248 2850 329 2888 sanus
346 2849 439 2888 curres
456 2833 636 2903 hydropicus3
654 2837 684 2888 et
700 2834 729 2888 ni

108 2907 206 2961 Posces
224 2913 287 2963 ante
305 2908 379 2962 diem
396 2908 495 2962 librum
513 2925 575 2962 eum
593 2909 701 2976 lumine,
719 2911 742 2963 si
758 2921 811 2961 non
942 2929 968 2970 ³5

108 2980 242 3034 Intendes
260 2984 379 3038 animum
398 2984 497 3036 studiis
515 2988 544 3037 et
561 2985 644 3038 rebus
661 2985 791 3052 honestis,

108 3052 216 3106 Invidia
232 3056 276 3108 vel
293 3071 385 3108 amore
402 3057 467 3123 vigil
485 3059 657 3126 torquebere.
694 3060 766 3114 Nam
783 3077 833 3115 our

108 3125 184 3186 Quae
201 3126 313 3180 laedunt
330 3129 421 3182 oculos
438 3130 550 3184 festinas
567 3132 686 3201 demere,
703 3135 727 3187 sl
745 3136 810 3204 quid
