2044 3416
335 76 590 130 EPISTOLABUM
606 76 629 125 1.
646 78 686 126 2⁰.
883 77 929 128 lcs

68 155 163 209 (larus
184 155 242 208 eris
259 155 363 212 Itomae
380 158 467 214 donec
484 160 514 212 te
531 157 642 212 deserat
658 156 750 221 setus3
904 179 926 217 n

68 229 275 284 contrectatus
291 231 339 285 ubi
357 234 481 304 manibus
499 232 657 285 sordescere
676 230 759 298 vulgi,

16 351 18 356 ,
68 305 218 373 coeperis,
237 310 284 360 aut
301 307 389 362 tineas
406 325 500 376 pasces
517 308 669 361 taciturnus
687 307 798 372 inertes,

69 382 134 434 Aut
151 380 246 447 fugies
263 382 372 437 Uticam
390 388 438 437 aut
456 383 562 436 rinctus
579 382 699 436 mitteris
717 381 847 438 Ilerdam.

68 455 195 531 Ridebit
212 458 330 512 monitor
346 475 402 512 non
419 459 572 528 exauditus,
589 461 621 512 ut
638 457 684 510 ille

69 530 128 594 Qui
146 530 224 584 male
241 537 385 600 parentem
402 533 432 586 in
449 549 532 602 rupes
549 532 682 600 protrusit
699 531 813 586 asellum
908 553 930 593 1⁵

69 606 188 660 Iratus:
206 607 268 673 quis
285 609 358 661 enim
374 609 489 662 invitum
507 625 616 662 servare
633 607 756 662 laboretl

69 681 138 740 Hoc
156 697 269 750 quoque
285 686 315 736 te
331 690 431 750 manet,
448 687 480 737 ut
497 700 596 751 pueros
614 683 750 737 elementa
767 683 910 755 decentem

70 758 202 825 Occupet
219 759 350 812 extremis
367 760 396 812 in
413 759 479 812 vicis
496 759 577 812 balba
595 762 727 813 senectus.

70 832 146 885 Cum
165 831 218 884 tibi
237 833 276 885 sel
293 833 404 902 tepidus
420 834 513 903 plures
531 834 683 888 admoverit
700 851 788 904 aures,

69 908 129 973 Me,
149 907 281 961 libertino
298 913 393 962 natum
410 913 489 978 patre
507 909 581 962 etin
599 909 675 962 tenui
693 926 731 978 re,
900 932 922 969 so

70 982 198 1050 Majores
214 981 317 1051 pennas
334 983 399 1036 nido
417 984 573 1038 extendisse
593 983 720 1052 loqueris,

69 1057 114 1110 Ut
132 1062 268 1126 quantum
285 1060 379 1126 generi
397 1059 491 1114 demas
508 1059 657 1112 virtutibus
675 1059 777 1126 addas3

69 1133 120 1186 Me
138 1133 237 1201 primis
254 1133 338 1188 Urbis
354 1134 420 1188 belli
437 1135 570 1204 placuisse
588 1135 731 1202 domique;

69 1208 204 1277 Corporis
222 1209 321 1277 exigui,
339 1227 508 1278 praecanum,
527 1209 629 1262 solibus
646 1213 748 1277 aptum,

68 1283 163 1337 Irasci
179 1283 303 1352 celerem,
322 1288 413 1339 tumen
430 1289 462 1338 ut
479 1283 617 1354 placabilis
635 1300 730 1338 essem.
897 1303 920 1343 25

69 1359 161 1412 Forte
178 1375 269 1412 meum
287 1359 311 1412 si
329 1361 390 1428 quis
409 1364 439 1413 te
455 1359 660 1428 percontabitur
677 1375 782 1426 aevum,

68 1435 119 1488 Me
138 1438 240 1503 quater
256 1434 380 1489 undenos
398 1435 465 1488 sciat
481 1434 636 1503 implevisse
654 1433 821 1489 Decembres
870 1485 873 1489 .

68 1510 214 1579 collegam
230 1509 367 1578 Lepidum
384 1525 438 1580 quo
455 1510 535 1565 duxit
552 1509 655 1565 Lollius
671 1525 748 1564 suno.
