2008 3416
299 92 445 143 EPODON
462 93 579 154 LIBER,
598 96 622 146 9.
855 96 889 150 83

26 179 28 224 l
145 173 202 229 lieo
222 164 259 228 sit
277 174 383 242 marita,
403 191 473 244 quae
492 173 697 230 rotundioribus

178 247 286 302 Onusta
303 249 393 302 baccis
411 249 540 305 ambulet.

145 321 223 391 Quid,
243 323 318 393 quod
335 324 421 377 libelli
439 325 524 379 Stoici
542 325 616 380 inter
633 325 735 380 sericos
866 343 889 384 rs

176 399 275 453 Jacere
293 399 418 467 pulvillos
438 403 548 455 amant:

145 471 272 528 Illiterati
290 491 357 528 num
375 475 463 528 minus
482 475 560 529 nervi
577 475 675 544 rigent,

177 549 303 603 Minusve
321 549 433 618 languet
450 551 601 604 fascinuml

145 622 222 688 Quod
242 627 276 678 ut
293 624 413 694 superbo
431 641 560 693 provoces
580 624 616 678 ab
633 624 752 694 iuguiuo,

169 697 223 752 Ore
241 698 446 754 allaborandum
465 704 509 756 est
528 699 588 754 tibi.
866 719 889 758 so

439 845 492 902 IX.

26 967 27 1000 p
144 926 261 993 aomo
277 931 418 996 repostum
437 928 593 982 Caecubum
611 925 648 980 ad
666 925 750 980 festas
768 924 854 996 dapes

175 1003 288 1058 Victore
306 1004 395 1058 laetus
415 1004 533 1058 Caesare

143 1077 241 1132 Tecum
261 1078 312 1133 sub
332 1080 461 1133 alta-sic
481 1079 545 1132 Jovi
565 1077 795 1146 gratum-domo,

175 1154 261 1208 Beate
281 1154 432 1221 Maecenas,
452 1153 545 1207 bibam

143 1227 261 1282 Sousnte
277 1229 393 1282 mixtum
407 1230 486 1283 tibiis
503 1245 613 1284 carmen
630 1229 705 1298 lyrae
876 1242 892 1285 ο

175 1304 236 1358 Hac
254 1304 376 1372 Dorium,
394 1305 448 1358 illis
462 1304 627 1359 barbarum?

143 1376 182 1432 Ut
198 1396 294 1448 nuper,
314 1384 391 1434 actus
413 1397 475 1434 cum
493 1381 567 1434 freto
584 1379 741 1448 Neptunius

175 1453 238 1507 Dux
256 1455 330 1522 fugit
347 1455 419 1510 ustis
435 1456 558 1522 naribus,

25 1562 26 1566 κ
143 1526 263 1584 Minatus
282 1529 353 1584 Urbi
371 1531 465 1599 vincla,
485 1547 555 1600 quse
573 1531 731 1584 detraxerat

175 1605 266 1660 Servis
285 1605 386 1660 amicus
405 1607 526 1674 perfidis.
868 1619 891 1658 ro

25 1721 26 1724 η
143 1677 400 1749 Romanus-eheu
420 1682 524 1749 posteri
541 1680 710 1749 negabitis-

175 1755 369 1826 Emancipatus
385 1757 504 1811 feminae
537 1787 539 1794 ι

143 1828 209 1884 llert
227 1832 329 1886 vallum
349 1837 378 1886 et
397 1847 473 1886 arma
491 1832 569 1886 miles
591 1835 621 1887 et
641 1826 808 1900 spadonibus

176 1906 284 1962 Serviro
302 1909 409 1976 rugosis
429 1912 528 1976 potest,

143 1978 273 2052 Interque
294 1983 372 2051 signs
389 1987 470 2052 turpe
490 1983 618 2038 militaria
868 1995 889 2033 n

175 2057 221 2111 Sol
238 2058 356 2127 adspicit
375 2059 526 2128 conopium.
840 2060 844 2068 '

144 2131 182 2185 At
200 2132 253 2187 huc
271 2134 419 2188 frementes
438 2137 580 2189 verterint
598 2133 641 2188 bis
661 2131 736 2187 millo
757 2146 844 2201 equos

175 2206 400 2276 Galli-canentes
420 2210 571 2278 Gaesarem,

144 2279 345 2352 Hostiliumquo
362 2285 471 2338 navium
490 2290 573 2354 portu
590 2285 680 2340 latent

175 2357 284 2427 Puppes
305 2359 490 2414 sinistrorsum
510 2361 587 2415 citae.
864 2371 888 2410 ²³

143 2429 174 2484 Io
193 2432 347 2504 Triumphe,
365 2439 397 2488 tu
415 2437 530 2490 moraris
548 2453 647 2491 aureos

174 2507 277 2563 Currus
298 2515 328 2564 et
346 2511 462 2566 intactas
482 2511 583 2567 bovesl

25 2573 27 2626 l
143 2580 173 2635 Io
191 2583 346 2654 Triumphe,
367 2603 417 2642 noc
436 2588 602 2656 Jugurthino
620 2603 715 2658 parem

173 2659 252 2714 Bello
270 2663 416 2730 reportasti
437 2663 542 2732 ducem,

142 2731 237 2803 Neque
259 2737 426 2807 Africanum,
447 2739 491 2792 oui
510 2755 592 2807 super
611 2738 809 2808 Karthaginem
864 2757 888 2796 ss

173 2809 270 2864 Virtus
290 2813 442 2879 sepulcrum
462 2814 591 2867 condidit.

141 2880 223 2940 Terra
241 2887 365 2956 marique
383 2889 470 2942 victus
490 2889 576 2942 hostis
595 2887 695 2956 punico

173 2959 303 3027 Lugubre
323 2965 439 3016 mutavit
458 2979 559 3028 sagum.

144 3032 199 3087 Aut
217 3035 266 3099 ille
284 3039 394 3088 centurn
413 3035 532 3088 nobilem
552 3033 661 3085 Cretam
679 3033 796 3087 urbibus

173 3107 271 3162 Ventis
287 3110 377 3161 iturus
394 3123 448 3159 uon
465 3107 528 3169 suis,
648 3112 650 3118 '
863 3122 886 3158 so
