2008 3416
105 113 152 159 122
384 104 539 154 HORATII
555 105 685 154 FLAOOI

104 189 199 242 Infans
216 199 335 253 namque
352 184 442 252 pudor
459 184 622 254 prohibebat
638 184 718 252 plura
734 183 844 253 profari,

103 265 166 317 Non
184 279 236 330 ego
253 277 298 314 me
316 260 388 313 claro
406 264 500 314 natum
518 263 604 328 patre,
622 276 676 313 non
693 274 743 328 ego
760 260 862 314 circum

103 339 150 392 Me
169 337 332 393 Satureiano
350 335 451 388 vectari
469 352 535 388 nura
552 335 662 402 cabaliq

103 413 159 467 Sed
171 413 433 482 quoderamnarro.
469 409 628 478 Respondes
639 413 671 464 ut
682 413 747 464 tuus
758 413 801 464 est
811 427 870 463 mos
929 425 962 468 eo

102 488 205 544 Pauca:
227 488 311 553 abco;
335 490 365 542 et
382 502 491 539 revocas
508 501 578 538 nono
596 489 658 554 post
675 501 767 538 mense
780 485 918 553 jubesque

102 561 170 616 Esse
187 563 217 616 in
234 562 382 616 amicorum
399 576 519 613 numero.
554 559 685 628 Magnum
702 559 754 614 hoc
771 577 822 628 ego
839 560 910 614 duco

102 637 183 702 Quod
200 639 290 706 placui
309 637 360 690 tibi
379 636 426 704 qui
443 635 518 702 turpi
536 635 654 688 secernis
672 635 823 704 honestum,

100 712 128 766 N
130 730 165 766 on
182 718 263 782 patre
280 711 419 780 praeclaro
437 710 488 764 sed
505 709 561 764 vita
579 714 609 764 et
625 713 736 778 pectore
753 727 830 780 puro,

102 790 191 857 Atqui
209 789 233 842 si
250 787 324 842 vitiis
341 785 523 840 mediocribus
541 801 572 838 ac
590 802 651 839 mea
667 787 761 854 paucis
931 801 960 842 65

101 863 237 918 Mendosa
254 867 297 918 est
314 865 412 915 natura
429 861 530 929 alioqui
547 864 629 928 recta,
648 861 723 915 velut
740 862 763 916 si

101 938 221 1008 Egregio
239 940 375 1008 inspersos
392 935 577 1004 reprehendas
594 953 707 1006 corpore
723 953 838 1003 naevos3

102 1014 131 1068 si
148 1032 239 1082 neque
256 1014 399 1068 avaritiam
416 1029 505 1080 neque
524 1011 619 1065 sordes
636 1015 685 1066 aut
701 1013 772 1066 mala
788 1013 876 1068 lustra

102 1091 222 1159 Objicict
239 1107 303 1145 vore
321 1089 463 1158 quisquam
481 1087 554 1154 mihi,
573 1105 658 1155 purus
676 1090 704 1141 et
721 1087 813 1142 insons

102 1167 137 1234 (U
139 1171 152 1220 t
169 1183 214 1220 me
231 1164 390 1230 collaudem)
410 1163 433 1217 si
450 1166 480 1216 et
497 1163 557 1216 vivo
575 1178 654 1216 canis
672 1163 779 1228 amicis;
930 1177 959 1218 to

102 1242 191 1297 Oausa
208 1242 261 1296 fuit
278 1244 357 1310 pater
374 1239 424 1305 his,
443 1237 490 1306 qui
507 1254 598 1292 macro
615 1255 721 1306 pauper
738 1239 826 1306 agelio

101 1318 198 1372 Noluit
215 1318 244 1372 in
263 1316 340 1370 Flavi
356 1315 452 1368 ludum
469 1330 514 1368 me
530 1315 651 1382 mittere,
669 1313 760 1381 magni

102 1393 162 1458 Quo
179 1394 258 1462 pueri
275 1391 380 1459 magnis
398 1407 414 1444 e
432 1389 640 1444 centurionibus
654 1389 714 1458 orti,

101 1467 192 1522 Laevo
210 1467 334 1537 suspensi
352 1465 452 1519 loculos
470 1465 646 1533 tabulamque
664 1457 771 1534 lacertd

102 1544 185 1598 Ibant
202 1543 306 1597 octonis
324 1542 476 1596 referentes
494 1540 591 1594 idibus
609 1557 686 1594 aera:
786 1533 791 1546 ’
929 1554 957 1596 75

101 1619 157 1674 Sed
174 1636 289 1690 puerum
308 1621 351 1672 est
370 1633 451 1670 ausus
470 1616 584 1669 Romam
602 1620 712 1684 portare
730 1615 880 1670 docendum

101 1697 187 1754 Artes
205 1711 273 1764 quas
291 1694 388 1748 doceat
406 1692 494 1760 quivis
511 1708 596 1760 eques
614 1695 697 1760 atque
715 1696 825 1746 senator

102 1771 195 1824 Semet
211 1772 365 1838 prognatos.
400 1766 514 1820 Vestem
532 1783 678 1836 servosque
696 1771 847 1835 sequentes,

102 1846 137 1899 In
154 1860 251 1914 magno
268 1847 301 1897 nt
317 1841 424 1911 populo,
443 1842 466 1895 si
484 1842 531 1911 qui
548 1842 669 1909 vidisset,
687 1843 760 1897 avita

102 1919 145 1972 Ex
161 1936 193 1972 re
210 1918 335 1987 praeberi
353 1919 478 1986 sumptus
495 1918 563 1971 mihi
580 1918 706 1972 crederet
722 1919 789 1972 illos.
930 1933 957 1971 so

102 1996 167 2064 Ipse
184 1995 251 2048 mihi
268 1997 359 2048 custos
377 1993 626 2062 incorruptissimus
643 2011 736 2048 omues

103 2071 211 2124 Circum
229 2071 355 2124 doctores
373 2069 476 2124 aderat.
512 2069 585 2132 Quid
603 2069 705 2123 multat
741 2068 881 2137 Pudicum,

103 2146 156 2210 Qui
171 2147 279 2214 primus
296 2145 408 2199 virtutis
425 2145 517 2212 bonne,
536 2145 653 2198 servavit
669 2144 705 2197 ab
722 2144 795 2198 omni

102 2221 129 2274 N
131 2238 166 2275 on
184 2221 269 2274 solum
286 2221 358 2274 facto
376 2237 470 2274 verum
487 2219 632 2288 opprobrio
651 2236 758 2288 quoque
775 2219 865 2288 turpi3

102 2297 129 2350 N
131 2313 162 2350 ec
179 2296 272 2350 timuit
290 2295 341 2349 sibi
358 2311 393 2349 ne
410 2295 477 2350 vitio
495 2296 556 2362 quis
574 2299 695 2350 verteret
712 2295 777 2348 oiim
930 2308 958 2346 85

103 2373 133 2426 si
150 2387 248 2441 praeco
265 2387 364 2440 parvas
381 2374 437 2438 aut,
454 2373 487 2424 ut
504 2371 557 2424 fuit
574 2372 640 2439 ipse,
659 2373 769 2424 coactor

103 2447 246 2502 Mercedes
254 2463 394 2514 sequerer;
404 2462 550 2514 nequeego
558 2463 645 2500 essem
655 2449 778 2514 questus:
791 2444 956 2500 athocnunc
999 2497 1000 2500 ,

103 2524 176 2578 Laus
194 2524 233 2576 ilii
252 2523 369 2577 debetur
387 2524 416 2575 et
433 2537 450 2574 a
465 2537 511 2575 me
527 2523 618 2589 gratia
634 2522 730 2590 major.

4 2606 10 2614 '
103 2600 150 2654 Nil
168 2617 213 2654 me
229 2599 369 2669 poeniteat
387 2613 482 2650 sanum
498 2597 585 2666 patris
597 2597 685 2666 hujus,
703 2613 791 2665 eoque

103 2676 172 2742 Non,
189 2679 222 2730 ut
238 2691 337 2744 magna
354 2673 416 2728 dolo
433 2673 535 2726 factum
553 2677 635 2740 negat
652 2689 712 2726 esse
731 2689 779 2725 suo
797 2687 862 2741 pars
929 2686 955 2726 so

105 2751 184 2816 Quod
201 2768 254 2804 non
271 2752 402 2818 ingenuos
419 2747 522 2801 habeat
539 2748 680 2816 clarosque
698 2751 835 2816 parentes,

104 2827 210 2882 Sicine
228 2827 380 2880 defendam.
416 2823 509 2892 Longe
526 2839 588 2877 mea
605 2823 743 2893 discrepat
760 2823 821 2878 istis

104 2902 142 2956 Et
157 2919 211 2956 vox
229 2906 257 2955 et
274 2902 359 2955 ratio:
378 2916 442 2954 narn
460 2900 483 2952 si
500 2902 598 2954 natura
612 2898 727 2968 juberet

106 2979 133 3030 A
151 2977 233 3029 certis
250 2977 326 3029 annis
344 2991 441 3030 aevum
459 2991 581 3028 remeare
598 2978 741 3043 peractum
852 2998 857 3010 ·
999 3031 1000 3052 χ

106 3053 200 3116 Atque
217 3050 284 3102 alios
300 3051 391 3116 legere
409 3049 445 3102 ad
462 3050 562 3103 fastum
580 3067 756 3120 quoscunque
773 3051 903 3118 parentes
936 3063 960 3101 aa

106 3123 223 3190 Optaret
241 3123 293 3176 sibi
310 3123 431 3190 quisque,
448 3123 516 3176 meis
534 3128 677 3180 contentus
694 3125 825 3181 honestos
