2044 3416
128 93 174 144 lae
402 90 555 140 HORATII
571 93 702 143 FLACOI

125 169 261 224 Orbilium
279 167 402 234 dictare;
425 171 474 224 scd
493 172 639 228 emendata
655 172 743 226 rideri

125 244 297 313 Pulchraque
315 247 344 297 et
360 246 463 300 exactis
481 247 623 301 minimum
642 245 774 302 distantia
790 247 880 304 miror
889 271 900 318 3
1007 273 1008 282 ¹

125 320 204 374 Inter
221 335 292 388 quae
309 319 423 374 verbum
441 323 553 376 emicuit
570 323 593 376 si
611 323 682 377 forte
700 321 838 392 decorum,
858 329 893 382 et

124 395 153 450 ai
168 412 263 450 versus
280 396 361 464 paulo
379 397 533 451 concinnior
549 415 620 452 rmus
638 402 669 452 et
685 397 761 467 alter,

124 471 232 540 Injuste
249 474 339 525 totum
356 471 433 526 ducit
449 473 598 542 venditque
615 479 720 542 poema.
968 494 993 532 75

124 546 256 615 Indignor
273 547 423 616 quidquam
441 549 611 617 reprehendi,
629 565 683 602 non
700 549 765 618 quia
781 565 876 606 crasse

123 623 309 692 Conpositum
326 623 471 692 illepideve
488 627 608 692 putetur,
627 623 677 678 sed
695 625 759 692 quia
776 641 886 693 nuper;

122 697 182 752 Nec
198 699 305 752 veniam
322 699 442 766 antiquis
460 699 510 753 sed
526 699 655 754 honorem
673 703 703 754 et
719 701 839 768 praemia
857 705 950 771 posci.
1007 743 1008 746 η

122 772 210 828 Recte
227 790 313 828 necne
331 789 439 828 crocum
456 775 591 844 floresque
608 774 781 843 perambulet
799 777 890 832 Attae
1007 827 1008 830 ,

122 846 227 902 liabula
244 849 268 901 si
285 847 417 916 dubitem,
435 849 554 904 clament
571 851 685 919 periisse
702 851 836 919 pudorem
956 873 982 910 ac
1007 917 1008 920 Ἰ

39 921 45 934 “
122 924 219 978 Cuncti
236 941 323 993 paene
340 933 440 992 patres,
459 942 491 980 ea
508 943 569 979 cum
587 925 789 994 reprehendere
806 943 892 981 coner

122 998 198 1063 Quae
215 1000 306 1068 gravis
324 1000 457 1069 Aesopus,
477 1018 546 1070 quae
564 1001 661 1056 doctus
680 1001 793 1054 Roscius
811 1002 887 1070 egit:

121 1075 174 1130 Vel
193 1077 258 1145 quia
274 1075 313 1129 nil
331 1079 435 1129 rectum
453 1077 506 1129 nisi
524 1077 599 1145 quod
616 1076 719 1145 placuit
737 1076 788 1129 sibi
806 1077 924 1149 ducunt,

120 1150 174 1205 Vel
192 1151 256 1220 quia
272 1155 355 1219 turpe
372 1154 472 1218 putant
487 1168 585 1221 parere
602 1151 759 1218 minoribus,
777 1154 806 1206 et
824 1169 899 1221 quae

121 1225 264 1281 Imberbes
279 1227 401 1280 didicere
419 1243 498 1280 senes
515 1227 657 1296 perdenda
674 1227 764 1281 fateri.
948 1248 976 1286 as

120 1301 140 1354 J
141 1318 185 1356 am
203 1302 306 1356 Saliare
323 1302 430 1356 Numae
447 1319 556 1356 carmen
573 1303 621 1372 qui
637 1301 740 1370 laudat,
759 1305 788 1356 ct
804 1301 876 1357 illud

121 1377 201 1442 Quod
218 1394 324 1431 mecum
341 1378 449 1444 ignorat
467 1377 540 1431 solus
558 1378 616 1431 vult
635 1377 704 1431 scire
721 1376 815 1444 videri,

120 1451 241 1520 Ingeniis
258 1469 312 1506 non
329 1452 376 1524 ille
393 1453 466 1507 favet
483 1453 644 1521 plauditque
661 1451 783 1520 sepultis,

119 1526 222 1582 Nostra
239 1528 289 1582 sed
305 1528 454 1596 impugnat,
472 1543 521 1580 nos
538 1531 685 1596 nostreque
702 1527 801 1580 lividus
818 1528 885 1584 odit.

120 1603 200 1667 Quod
217 1603 239 1657 si
256 1608 314 1657 tam
333 1603 444 1658 Graecis
461 1603 567 1657 novitas
584 1604 670 1657 invisa
686 1603 783 1656 luisset
946 1624 971 1662 co
1007 1607 1008 1616 ²

119 1678 207 1742 Quam
222 1679 308 1746 nobis,
321 1679 388 1747 quid
404 1673 475 1732 nunc
490 1682 563 1732 essct
579 1679 674 1732 vetusl
695 1681 744 1731 aut
760 1677 829 1747 quid
844 1677 970 1735 haberet

119 1754 199 1818 Quod
216 1755 322 1822 legeret
338 1757 496 1822 tereretque
514 1754 616 1808 viritim
633 1753 756 1824 publicus
773 1755 859 1809 usust
1007 1753 1008 1756 ’

118 1829 160 1883 Ut
175 1829 293 1898 primum
310 1829 406 1898 positis
423 1829 520 1894 nugari
539 1829 653 1884 Graecia
670 1827 749 1882 bellis
856 1885 858 1888 ,

119 1905 215 1973 Coepit
232 1909 262 1959 et
276 1905 305 1957 in
322 1904 418 1957 vitium
436 1903 545 1958 fortuna
561 1905 647 1958 labier
664 1920 757 1972 acqua,

117 1979 198 2034 Numc
216 1980 380 2036 athletarum
398 1979 504 2047 studiis,
522 1997 593 2034 nune
612 1981 679 2033 arsit
697 1995 837 2048 equorum,
940 2003 965 2042 95
1007 1975 1008 2002 ³

117 2055 261 2111 Marmoris
279 2060 327 2124 aut
345 2055 434 2110 eboris
451 2055 542 2109 fabros
561 2059 609 2110 aut
626 2055 696 2109 aeris
714 2055 822 2122 amavit,

117 2131 267 2202 Suspendit
283 2133 357 2200 picta
374 2132 480 2186 vultum
497 2134 672 2200 inantemque
690 2129 798 2197 tabella,
838 2171 847 2186 ,

116 2205 144 2258 N
145 2223 197 2261 unc
214 2208 378 2274 tibiciuibuS,
395 2223 467 2260 nunc
483 2209 526 2260 est
543 2207 635 2274 gavisa
652 2205 820 2274 tragoedis;¹

117 2281 174 2334 Sub
191 2284 296 2344 nutrice
313 2283 404 2350 puella
421 2283 497 2335 velut
514 2282 536 2334 si
554 2281 663 2335 luderet
680 2281 777 2348 inians,

117 2356 197 2420 Quod
215 2357 314 2426 cupide
331 2357 412 2424 petiit
430 2361 536 2410 mature
554 2357 637 2425 plena
654 2357 773 2426 reliquit.
929 2375 963 2415 roc

116 2432 190 2497 Quid
206 2432 296 2504 placet
313 2435 361 2486 ant
378 2432 441 2485 odio
456 2437 498 2486 est
516 2433 590 2502 quod
604 2449 658 2486 uon
675 2431 807 2498 mutabile
821 2432 938 2488 credasl

116 2509 177 2563 Hoc
194 2525 274 2579 paces
291 2507 412 2562 habuere
429 2507 517 2562 bonae
534 2509 664 2577 ventique
682 2507 801 2562 secundi.
1007 2503 1008 2522 ³

115 2585 218 2640 Romae
237 2584 315 2639 dulce
333 2583 381 2637 diu
398 2583 450 2636 fuit
468 2587 497 2637 et
515 2584 644 2637 sollemne
661 2585 767 2638 reclusa
1007 2643 1008 2650 ἶ

114 2661 196 2714 Mane
215 2661 295 2715 domo
312 2660 431 2728 viguiero,
449 2659 541 2712 clienti
558 2676 683 2726 promere
697 2659 769 2727 jura,
1007 2659 1008 2722 l

114 2736 215 2791 Cautes
233 2735 386 2790 nominibus
403 2735 485 2788 rectis
503 2735 658 2802 expendere
675 2749 807 2801 nummos,
927 2752 961 2792 10⁵
1007 2723 1008 2804 l

114 2811 235 2879 Majores
252 2811 355 2876 audire,
373 2809 470 2863 minori
488 2809 586 2877 dicere,
604 2826 654 2878 per
673 2826 743 2878 quae
1007 2807 1008 2838 ³

114 2886 242 2947 Crescere
260 2902 305 2939 res
323 2889 424 2958 posset,
442 2885 527 2938 minui
545 2885 675 2940 damnosa
692 2885 785 2940 libido.

113 2959 232 3043 Mutavit
247 2963 370 3044 mentem
387 2961 502 3027 populus
520 2960 587 3014 levis
605 2964 634 3014 et
651 2961 722 3014 calet
740 2976 794 3012 uno

113 3031 255 3083 Scrrbendr
273 3033 378 3095 studio;
401 3035 480 3101 pueri
499 3039 644 3102 patresque
663 3035 749 3088 severi

113 3101 222 3154 Fronde
240 3118 329 3156 comas
346 3105 430 3158 vincti
448 3111 563 3161 coenant
580 3113 609 3162 et
626 3111 746 3163 carmina
763 3108 877 3164 dictant.
923 3127 956 3168 llo
1007 3131 1008 3142 ¹
