2044 3416
92 119 140 166 200
369 115 522 164 HORATII
538 113 668 164 FLAOOI

93 194 241 249 Aemilium
258 197 330 248 circa
346 193 442 248 ludum
459 193 538 248 faber
553 205 624 248 unus
642 196 672 248 et
689 209 794 261 ungues

92 269 237 339 Exprimet
256 274 286 324 et
303 271 399 324 molles
416 270 535 324 imitabit
523 273 569 324 tur
586 285 650 323 aere
667 269 785 337 capillos,

92 345 192 399 Infelix
211 346 301 415 operis
320 363 425 400 summa
443 345 507 432 quia
524 361 626 432 ponere
642 347 732 398 totum
770 411 772 414 ,

91 420 211 476 Nesciet.
248 422 330 476 Hunc
349 439 400 489 ego
412 438 463 488 mc
485 421 507 474 si
524 414 592 489 quid
607 435 768 488 componere
780 435 883 488 curem
919 437 945 477 ss
1013 415 1014 492 3

64 541 67 545 .
91 497 154 551 Non
171 497 259 566 magis
277 495 336 552 esse
354 497 435 551 velim
453 512 535 584 quam
553 511 619 550 naso
637 495 729 548 vivere
744 511 836 564 pravo,

92 572 276 641 Spectandum
293 573 378 642 nigris
395 573 480 626 oculis
496 572 629 641 nigroque
648 571 752 640 capillo.

91 649 197 704 Sumite
214 649 357 703 materiam
377 649 475 703 vestris
493 647 541 717 qui
559 647 676 701 scribitis
694 663 810 715 aequam

91 723 205 778 Viribus
224 729 252 778 et
270 728 377 778 versate
395 724 443 776 diu
461 723 528 792 quid
545 723 619 776 ferre
636 725 771 790 recusent,

92 800 166 865 Quid
183 801 290 854 valeant
308 801 422 855 humeri,
458 799 509 853 Cui
527 799 598 853 lecta
615 801 744 868 potenter
761 797 816 852 erit
833 813 887 866 res,
918 815 944 854 so

91 875 118 928 N
119 892 150 930 ee
166 875 294 929 facundia
312 875 422 929 deseret
440 875 512 928 hunc
522 891 580 928 nec
598 874 704 927 lucidus
721 873 796 927 ordo.

91 950 204 1004 Ordinis
221 951 288 1004 hacc
306 951 393 1004 virtus
412 951 466 1004 erit
484 953 513 1004 et
530 966 624 1018 venus,
641 953 690 1003 aut
708 965 759 1016 ego
776 949 862 1018 fallor,

90 1027 133 1081 Ut
146 1027 205 1096 jam
223 1044 294 1081 nunc
312 1027 386 1081 dicat
399 1025 459 1095 jam
476 1043 548 1079 nunc
567 1025 697 1079 debentia
714 1024 776 1090 dici,

92 1102 227 1172 Pleraque
245 1103 354 1157 differat
372 1105 401 1156 et
418 1117 546 1172 praesens
564 1101 592 1154 in
610 1103 719 1168 tempus
736 1100 857 1166 omittat;

92 1177 153 1232 Hoc
171 1182 252 1246 amet,
233 1179 323 1232 thoe
341 1181 452 1247 spernat
469 1175 595 1246 promissi
613 1175 740 1229 carminis
757 1179 858 1232 auctor.
918 1191 944 1232 ss
1013 1235 1014 1256 3

91 1253 126 1307 In
143 1253 280 1308 verbist
251 1255 334 1308 etiam
352 1253 442 1308 tenuis
460 1257 611 1321 cautusque
629 1251 759 1320 serendis,

91 1329 202 1383 Dixeris
220 1331 331 1398 egregie
348 1329 485 1384 notummsi
503 1328 602 1382 callida
619 1327 735 1381 verbum

91 1405 258 1460 Reddiderit
246 1405 403 1474 tjunctura
420 1421 526 1458 novum.
563 1403 591 1458 Si
609 1403 682 1457 forte
699 1415 810 1458 necesse
828 1404 872 1458 est

91 1480 205 1535 Iudiciis
222 1485 375 1536 monstrare
392 1484 486 1535 recent
474 1480 548 1534 tibus
565 1477 662 1533 abdita
679 1493 779 1547 rerum,

91 1555 208 1625 Fingere
226 1558 354 1612 cinctutis
372 1573 426 1610 non
445 1556 576 1610 exaudita
595 1553 725 1622 Cethegis
918 1567 944 1610 sc
1013 1551 1014 1612 ἶ

91 1631 245 1701 Continget,
264 1633 429 1702 dabiturque
448 1631 558 1685 licentia
576 1633 685 1698 sumpta
701 1628 854 1698 pudentem

57 1707 60 1712 “
91 1707 128 1761 Iit
144 1725 214 1762 nova
231 1710 350 1778 fictaque
367 1725 454 1776 nuper
470 1706 611 1761 habebunt
629 1705 713 1760 verba
730 1705 813 1759 fidem
831 1705 855 1760 si

91 1783 195 1838 Graeco
212 1786 287 1838 fonte
305 1784 411 1850 cadent,
430 1800 512 1851 parce
530 1781 649 1836 detorta.
686 1781 759 1845 Quid
776 1783 867 1836 autem

91 1859 209 1912 Caecilio
228 1859 380 1926 Plautoque
398 1858 476 1912 dabit
494 1858 633 1911 Romanus
650 1857 811 1925 ademptum

90 1933 207 2002 Virgilio
225 1935 380 2003 Varioquel
417 1934 475 2002 Ego
493 1951 541 1987 cur
559 1933 703 2002 acquirere
720 1949 808 2002 pauca
918 1947 943 1989 ts

91 2010 121 2064 Si
137 2027 247 2078 possum
264 2009 393 2080 irrideor,
411 2027 472 2064 cum
489 2010 583 2077 lingua
601 2007 712 2062 Catonis
730 2011 760 2062 et
778 2007 847 2062 Enni

90 2086 248 2140 Sermonem
266 2087 385 2155 patrium
403 2085 533 2140 ditaverit
550 2088 580 2139 et
599 2100 670 2137 nova
686 2100 780 2138 rerum

90 2163 207 2216 Nomina
224 2162 386 2232 protulerit?
422 2161 512 2216 Licuit
530 2177 692 2229 semperque
710 2159 804 2214 licebit

90 2237 233 2305 Signatum
251 2240 395 2306 praesente
412 2241 477 2292 nota
494 2236 646 2306 producere
663 2252 770 2295 nomen.

90 2312 131 2367 Ut
148 2311 233 2365 silvae
249 2312 321 2366 foliis
338 2327 437 2380 pronos
455 2315 597 2367 mutantur
614 2311 643 2364 in
659 2327 751 2379 annos,
918 2325 944 2366 so
1013 2387 1014 2390 ,

90 2387 183 2442 Prima
200 2387 316 2442 cadunt:
334 2389 375 2441 ita
392 2387 537 2440 verborum
555 2389 635 2440 vetus
653 2386 750 2440 interit
768 2389 852 2456 aetas,

90 2462 128 2517 Et
141 2463 274 2531 juvenum
291 2462 348 2517 ritu
365 2462 463 2516 florent
481 2462 562 2516 modo
580 2466 645 2516 nata
662 2462 818 2531 vigentque.

90 2537 232 2593 Debemur
248 2539 329 2593 morti
347 2555 396 2592 nos
413 2541 577 2608 nostraque3
595 2538 652 2591 sive
669 2541 798 2606 receptus

90 2614 175 2669 Terra
192 2615 338 2683 Neptunus
355 2615 455 2669 classes
473 2613 645 2682 aquilonibus
663 2617 747 2682 arcet,

91 2689 175 2758 Regis
193 2695 313 2759 opust
287 2691 421 2745 sterilisve
439 2689 487 2744 diu
504 2689 581 2758 palus
599 2692 718 2758 aptaque
735 2689 819 2743 remis
921 2703 945 2746 at
1013 2639 1014 2804 3

90 2764 202 2820 Vicinas
219 2765 301 2823 urbes
318 2765 369 2819 alit
385 2769 415 2820 et
432 2782 516 2834 grave
534 2764 619 2818 sentit
636 2768 766 2832 aratrum,

90 2839 146 2895 Seu
162 2858 271 2895 cursum
287 2841 430 2895 m'utavit
422 2842 546 2910 iniquum
563 2839 688 2908 frugibus
705 2841 792 2894 amnis

90 2915 195 2970 Doctus
212 2917 267 2972 iter
283 2916 387 2985 melius,
405 2921 476 2970 mort
466 2917 530 2970 talia
546 2915 620 2970 sacta
637 2915 774 3004 peribunt,

7 2985 9 3064 3
90 2989 201 3042 Nedum
218 3007 372 3044 sermonum
390 2995 447 3045 stet
464 2993 550 3076 honos
568 2995 597 3044 et
614 2993 705 3060 gratia
722 2993 810 3045 vivax.

91 3060 181 3113 Multa
197 3069 373 3118 renascentur
392 3065 535 3132 quaejam
553 3066 686 3134 cecidere,
689 3067 858 3154 ’cadentque
919 3083 943 3124 ro

7 3155 9 3210 ι
92 3133 167 3196 Quae
184 3151 255 3188 nuno
272 3139 360 3190 sunt
352 3155 381 3190 ιιι
398 3083 501 3194 honorJe
518 3139 696 3210 vocabula,
673 3159 698 3196 si
715 3142 790 3198 volet
805 3157 879 3210 usus,
