2008 3416
270 83 477 134 GARMINUM
494 84 544 134 IV.
565 86 601 144 10,
617 87 655 137 ll.

152 165 281 221 Paullum
300 164 425 232 sepultae
444 163 530 218 distat
547 163 662 221 inertiae

153 242 249 296 Celata
265 241 362 294 virtus.
398 240 462 294 Non
478 257 530 308 ego
547 245 577 295 te
594 242 662 295 meis

189 315 298 372 chartis
315 315 471 368 inornatum
489 315 582 384 silebo,

221 391 309 446 'latre
326 394 389 444 tuos
407 391 496 460 patiar
513 391 622 448 labores

154 467 279 535 Impune,
298 465 378 532 Lolli,
396 483 507 534 carpere
524 467 623 521 lividas

154 542 319 596 obliviones.
355 542 407 595 Est
423 542 530 594 animus
547 542 599 595 tibi

190 617 350 686 Rerumque
366 615 489 685 prudens
506 620 536 670 et
553 616 680 672 secundis

224 692 403 760 Temporibus
420 691 566 762 dubiisque
583 696 682 760 rectus

157 768 266 823 Vindex
284 785 381 822 averae
398 767 511 836 fraudis,
529 772 560 822 et
576 767 714 826 abstinens

155 843 290 899 Ducentis
307 844 344 898 ad
362 860 391 898 se
408 847 507 897 cuncta
522 843 660 912 potamiae,

191 919 345 990 censuque
362 935 416 972 non
433 919 514 972 unius
531 919 594 972 anni

122 1057 125 1063 ,
225 996 281 1050 Sed
297 996 404 1064 quoties
421 995 509 1048 bonam
525 999 609 1064 atque
626 995 699 1050 fidus
779 1005 783 1016 '

156 1070 250 1125 ludex
267 1070 411 1124 honestum
427 1071 560 1139 praetulit
576 1070 654 1139 utili,

157 1145 267 1213 Rejeoit
284 1146 339 1200 alta
357 1145 429 1199 dona
445 1145 601 1200 nocentium

191 1221 286 1289 Vultu,
303 1237 354 1290 per
370 1221 512 1275 obstantes
530 1225 654 1276 catervas

225 1297 363 1366 Explicuit
380 1313 429 1351 sua
445 1297 533 1351 victor
549 1313 632 1350 erma
724 1349 727 1358 Δ

157 1371 184 1426 N
185 1388 219 1426 ou
235 1372 420 1442 possidentem
437 1372 525 1426 multa
541 1372 679 1430 vocaveris

158 1446 245 1503 Recte
263 1447 390 1504 beatum:
408 1448 511 1502 rectius
528 1453 642 1517 occupat

191 1523 298 1578 Nomen
315 1523 391 1576 beati
408 1524 456 1592 qui
474 1523 611 1577 deorum'

225 1598 387 1652 Muneribus
405 1597 544 1666 sapienter
561 1598 603 1652 uti

159 1671 315 1742 Duramque
332 1672 413 1727 callet
430 1673 587 1741 pauperiem
605 1674 670 1742 pati,

159 1746 295 1817 Pejusque
312 1747 369 1802 leto
386 1747 519 1816 flagitium
537 1749 627 1818 timet,
726 1801 731 1812 ,

191 1823 254 1877 Non
271 1822 318 1877 ille
335 1839 385 1892 pro
402 1824 472 1876 caris
489 1823 582 1877 amicis

226 1898 287 1952 Aut
302 1897 393 1967 patria
409 1897 523 1954 timidus
540 1898 636 1968 perire.

460 2041 487 2098 X

18 2179 19 2184 ,
98 2126 119 2178 Ο
135 2135 268 2179 cnnnnms
285 2123 375 2179 adhuc
392 2127 422 2180 ct
438 2082 556 2180 Veneris
572 2121 731 2178 muneribus
747 2126 853 2193 potens,

18 2201 19 2206 ’
96 2195 235 2266 insperata
250 2202 316 2253 tuae
334 2216 396 2253 curn
413 2201 505 2254 veniet
521 2200 613 2268 pluma
630 2197 780 2268 superbiae,

97 2273 131 2327 llt
147 2290 214 2342 quae
231 2288 304 2328 nunc
320 2274 440 2328 humeris
457 2275 601 2330 involitont
618 2273 770 2330 deciderint
787 2291 887 2344 comae,

96 2348 170 2403 Nunc
187 2349 282 2418 etqui
299 2349 372 2404 color
389 2354 433 2404 est
449 2349 580 2419 puniceae
597 2349 663 2404 flore
680 2351 755 2420 prior
771 2367 850 2406 rosae

18 2423 19 2438 i
96 2423 215 2478 Mutatus
233 2425 394 2492 Ligurinum
411 2425 440 2478 in
457 2425 553 2478 faciem
571 2425 685 2479 verterit
702 2425 844 2494 hispidam,
888 2443 900 2483 s

18 2525 19 2538 π
96 2498 174 2553 Dices
190 2498 245 2552 heu
263 2500 388 2568 quotiens
405 2502 435 2554 te
453 2499 561 2568 speculo
579 2500 680 2554 videris
698 2500 830 2555 alterum:

18 2583 19 2588 ’
97 2573 188 2638 “Quae
204 2589 282 2628 mens
299 2579 343 2628 est
358 2574 448 2644 hodie,
465 2591 514 2628 cur
530 2574 625 2628 eudem
642 2591 697 2628 non
714 2591 799 2644 puero
815 2575 888 2632 fuiti

18 2665 19 2670 ¹
97 2648 148 2704 Vel
162 2664 209 2704 cur
225 2649 268 2702 his
281 2649 380 2704 animis
391 2649 539 2704 incolumes
556 2666 610 2704 nou
627 2649 744 2704 redeunt
756 2651 879 2716 genael”

451 2791 503 2846 XI.

193 2871 249 2928 Esu
265 2872 333 2926 mihi
349 2889 450 2927 nonum
468 2873 621 2943 superantis
638 2888 739 2927 annum

193 2947 296 3002 Plenus
314 2948 415 3001 Albani
432 2949 532 3012 cadus3
550 2951 593 3000 est
609 2947 638 3002 in
656 2947 741 3014 horto,

194 3021 290 3090 Phylli,
307 3021 448 3074 nectendis
465 3021 557 3087 apium
574 3019 678 3072 coronis
687 3038 696 3082 ;

228 3097 281 3150 llst
296 3095 414 3150 hederae
431 3093 472 3148 vis
