2036 3416
381 129 537 178 HORATII
553 127 685 178 FLAOOI

244 209 337 265 Paene
354 214 511 278 occupatam
530 209 710 264 seditionibus

244 284 355 341 Delevit
372 283 478 339 Urbem
496 283 588 338 Dacus
605 289 636 340 et
654 284 797 353 Aethiops,

280 358 335 414 Hic
352 360 438 414 classe
454 359 625 427 formidatus,
642 361 689 414 ille

312 434 465 490 Missilibus
482 436 579 489 melior
597 436 712 504 sagittis.

245 511 373 567 Fecunda
390 511 486 580 culpae
504 511 595 564 secula
612 512 723 579 nuptias

244 587 367 644 Primum
385 587 562 657 inquinavere
580 590 610 641 et
626 603 713 654 genus
731 591 761 642 et
777 587 872 642 domos
881 607 890 655 3
1000 575 1001 584 ¹

280 664 341 718 Hoc
357 663 435 718 fonte
453 662 577 716 derivata
594 662 686 716 clades

314 739 348 792 In
366 738 482 806 patriam
499 737 685 806 populumque
700 737 789 794 fluxit

236 812 338 888 ‚Motus
356 813 447 866 doceri
464 813 568 880 gaudet
586 813 694 867 Ionicos

244 889 357 943 Matura
374 889 450 956 virgo
468 891 498 942 et
515 888 628 957 fingitur
646 889 750 944 artibus
759 908 768 956 ;

277 964 342 1018 Jem
359 980 431 1018 nune
448 967 479 1018 et
494 963 614 1018 incestos
632 980 738 1018 amores

312 1039 356 1093 De
373 1043 470 1094 teucro
487 1039 639 1094 meditatur
655 1040 758 1108 unguit

245 1114 310 1168 Mox
323 1113 448 1183 juniores
465 1114 575 1183 quaerit
592 1113 733 1168 adulteros

245 1191 324 1245 Inter
340 1190 432 1244 mariti
450 1190 521 1256 vine,
540 1206 631 1258 neque
649 1189 727 1257 eligit

279 1265 330 1319 Cui
348 1265 433 1320 donet
449 1264 622 1333 impermissa
638 1265 739 1333 raptim

312 1339 421 1396 Gaudia
437 1339 586 1394 luminibus
602 1339 734 1405 remotis;

173 1409 179 1420 ’
244 1415 300 1470 Sed
312 1415 392 1484 jussa
408 1431 500 1470 coram
517 1431 571 1468 nen
590 1414 652 1468 sine
667 1413 773 1468 conscie

245 1490 339 1558 Surgit
355 1490 462 1557 merite,
481 1505 531 1544 seu
547 1493 627 1543 vocat
643 1489 753 1544 institor

278 1565 334 1620 Seu
351 1565 428 1620 navis
446 1565 587 1632 Hispanae
604 1564 743 1631 magister,

313 1640 485 1696 Dedeccrum
503 1640 641 1709 pretiosus
658 1643 775 1708 emptor.

245 1715 272 1770 N
273 1733 308 1768 on
325 1717 368 1770 bis
381 1715 515 1784 juventus
532 1719 593 1770 orta
610 1715 780 1784 parentibus

246 1791 346 1845 Infecit
362 1806 464 1859 aequor
481 1790 612 1858 sanguine
631 1789 741 1858 Punico,

279 1865 469 1933 Pyrrhumque
486 1868 516 1918 et
532 1866 673 1934 ingentem
690 1864 790 1920 cecidit

314 1939 481 1994 Antiochum
500 1940 740 2010 Hannibalemque
757 1940 865 2006 dirum3

245 2014 300 2070 Sed
318 2015 480 2077 misticorum
498 2016 619 2070 mascula
635 2016 753 2070 militum

245 2090 347 2158 Proles,
366 2090 482 2146 Sabellis
499 2090 581 2144 docta
598 2090 734 2159 ligonibus

279 2165 399 2220 Versere
415 2165 511 2234 glebas
528 2168 558 2218 et
575 2181 686 2218 severae

313 2241 414 2294 Matris
430 2241 467 2294 ad
484 2240 630 2294 arbitrium
649 2240 750 2294 recisos

246 2314 361 2370 Portare
377 2316 472 2381 fustes,
491 2315 531 2368 sol
549 2315 597 2368 ubi
617 2315 751 2368 montium

246 2389 370 2446 Mutaret
386 2389 497 2442 umbras
514 2392 543 2447 et
555 2389 625 2458 juge
643 2390 768 2464 (temeret

279 2464 374 2519 Bobus
391 2464 520 2532 fatigetis,
539 2466 655 2520 amicum

314 2539 432 2608 Tempus
448 2555 531 2607 agens
548 2539 667 2594 abeunte
684 2555 774 2594 curru

245 2613 383 2669 Damnosa
400 2614 468 2684 quid
484 2631 539 2668 non
557 2615 696 2670 imminuit
713 2614 791 2671 diesi

246 2693 335 2746 Actes
350 2693 496 2759 parentum
514 2689 593 2759 pejor
609 2690 668 2744 avis
685 2689 752 2744 tulit

279 2765 307 2820 N
308 2781 338 2819 os
355 2764 507 2832 nequiores,
524 2781 588 2818 mox
606 2765 721 2818 daturos

313 2839 475 2908 Progeniem
493 2839 668 2893 vitiosiorem.

499 2976 568 3032 VII.

245 3058 320 3123 Qun>
337 3059 395 3125 fles,
413 3060 533 3126 Asterie,
551 3075 634 3128 quem
652 3060 704 3114 tibi
720 3057 832 3114 andiu

246 3131 338 3187 Primo
355 3133 504 3186 restituent
521 3149 585 3186 vere
604 3133 716 3187 Favonii
