2036 3416
120 113 153 160 58
374 110 529 160 HORATII
546 108 675 158 FLAGOI

237 192 399 260 Importuna
416 193 510 244 tamen
527 187 672 258 pauperies
689 187 775 251 abest,
1000 185 1001 262 i

238 267 297 321 Nec
314 267 337 320 si
354 267 432 334 plura
450 264 530 328 velim
548 267 581 317 tu
599 263 665 316 dare
683 262 810 330 deneges,
1000 269 1001 330 t

240 342 386 398 contracto
404 340 501 394 melius
517 355 601 408 parva
618 337 747 407 cupidine
1000 339 1001 408 ξ

276 416 429 484 Vectigalia
445 415 590 484 porrigam,
933 432 956 469 ιο
1000 449 1001 492 i

241 494 329 558 Quam
347 493 369 544 si
387 491 541 560 Mygdoniis
558 504 673 558 regnum
693 488 815 557 Alyattei
1000 497 1001 522 i

245 567 354 638 Gampis
371 567 533 622 continuem.
568 566 658 620 Multa
675 563 833 634 petentibus
1000 613 1001 620 ἶ

247 645 354 700 Desunt
370 643 469 696 multa:
487 641 558 696 bene
575 644 619 694 est
636 641 679 694 eni
698 640 767 695 deus
784 639 886 694 obtulit
1000 663 1001 708 3

278 721 364 775 Parca
380 717 455 787 quod
472 717 538 772 satis
556 720 599 771 est
616 731 705 770 manu
1000 715 1001 726 ³

483 860 579 915 XVII.

246 949 321 1001 Amr
339 946 447 999 vetusto
464 942 562 997 nobilis
580 943 616 997 ab
634 944 726 1010 Lamo,

246 1021 370 1090 (Quando
388 1021 418 1073 et
434 1019 537 1087 priores
554 1019 618 1073 hinc
635 1019 743 1072 Lamias
759 1017 853 1071 ierunt

281 1095 474 1150 Danominatos
492 1097 521 1147 et
539 1097 668 1161 nepotum

317 1171 370 1224 Per
387 1183 521 1223 memores
538 1185 625 1236 genus
642 1185 722 1223 omne
739 1169 832 1235 fastos,
1000 1227 1001 1234 ἵ

249 1250 371 1302 Auctore
388 1245 423 1299 ab
441 1245 487 1297 iilo
506 1245 582 1298 ducis
600 1245 731 1312 originem
950 1257 963 1296 5
1000 1259 1001 1312 ᾗ

249 1323 302 1388 Qui
321 1321 491 1376 Formiarum
508 1320 614 1373 moenia
632 1320 732 1374 dicitur
829 1346 833 1355 ·
1000 1321 1001 1328 ’

284 1399 412 1466 Princeps
430 1399 459 1450 et
475 1396 615 1448 innantem
631 1396 752 1452 Maricae

318 1471 468 1526 Littoribus
486 1471 607 1524 tenuisse
626 1471 710 1524 Lirim

250 1551 323 1604 Late
336 1547 475 1616 tyrannus)
494 1561 553 1599 cras
570 1545 641 1599 foliis
658 1563 753 1602 nemus

249 1623 347 1679 Multis
365 1625 394 1676 et
411 1622 473 1690 alga
489 1621 554 1674 litus
572 1621 662 1675 inutili

285 1698 410 1753 Demissa
426 1699 576 1764 tempestas
593 1695 628 1748 ab
647 1697 721 1750 Euro

319 1773 436 1836 Sternet,
453 1787 541 1840 aquae
557 1771 610 1824 nisi
627 1771 697 1825 fallit
714 1787 800 1840 augur

253 1851 364 1903 Annosa
380 1845 481 1899 cornix.
516 1845 589 1899 Dum
606 1847 679 1914 potis
696 1847 816 1906 afridum,

251 1924 389 1990 Campona
406 1919 522 1988 lignum:
540 1937 600 1974 eras
618 1921 735 1974 Genium
752 1937 828 1975 mero
1000 1973 1001 1996 p

285 1995 400 2052 Curubis
418 1999 447 2050 et
464 2011 545 2064 porco
562 1996 687 2050 bimestri
943 2011 965 2051 ιε
1000 2007 1001 2054 i

320 2071 390 2127 Cum
406 2070 515 2125 famulis
532 2087 645 2139 operum
664 2071 766 2126 solutis.
955 2091 959 2100 ·

1000 2265 1001 2300 r

482 2213 596 2268 XVIII.

252 2299 359 2365 Fauuu,
378 2297 566 2366 Nympharum
583 2296 736 2364 fiugientum
754 2303 866 2368 amator,

252 2373 307 2426 Per
323 2387 398 2424 meos
415 2371 482 2426 fines
500 2372 638 2440 etsaprica
654 2389 719 2426 rura

252 2446 335 2502 Lenis
351 2446 462 2500 incedas
479 2446 616 2517 abeasque
633 2447 724 2516 parvis

287 2523 402 2590 Aequus
419 2521 542 2590 alumnis,

193 2647 197 2655 .
251 2597 281 2652 si
298 2601 378 2650 tener
395 2596 475 2664 pleno
492 2597 567 2652 cadit
583 2597 688 2652 haedus
705 2605 783 2666 anno,'
951 2611 965 2654 ⁵

252 2673 341 2740 Larga
358 2687 410 2724 nee
428 2671 528 2726 desunt
546 2673 663 2727 Veneris
681 2671 767 2726 sodali

251 2749 325 2802 Vina
341 2749 469 2802 craterae.
504 2747 593 2802 Vetus
610 2763 658 2802 ara
675 2747 761 2801 multo

287 2824 388 2878 Fumat
404 2823 495 2894 odore,

251 2899 336 2952 Ludit
352 2899 467 2953 herboso
484 2915 567 2969 pecus
584 2915 663 2954 omne
680 2913 782 2970 eampo,

251 2975 320 3027 (ium
337 2973 389 3027 tibi
407 2973 432 3026 N
435 2991 502 3027 onae
518 2975 638 3029 redeunt
655 2975 837 3039 Decembres;
940 2985 964 3027 lo

252 3047 351 3100 Festus
368 3047 397 3099 in
414 3047 501 3114 pratis
518 3052 597 3103 vacat
613 3049 700 3103 otioso

286 3120 355 3174 Cum
371 3115 445 3174 bove
458 3139 540 3190 pagus
549 3143 557 3188 ;
