2036 3416
313 77 517 128 CARMINUM
534 80 558 129 I.
577 82 616 140 25,
635 83 674 130 26.
736 82 740 88 '
890 83 919 138 17

201 157 246 212 'ru
261 161 365 212 inratra
382 158 448 227 pius
462 159 517 214 beu
533 176 588 214 non
604 161 645 216 ita
661 159 797 218 creditum

144 253 148 260 ·
238 233 332 286 Poscis
351 233 527 297 Quinctilium
546 235 620 290 deos.

203 309 308 373 Quodsi
326 309 453 364 'threicio
468 309 596 365 blandius
614 310 723 380 Orpheo

203 385 339 440 Auditum
356 386 501 441 moderere
518 386 662 441 arboribus
679 385 772 455 fidem,

204 461 232 515 N
234 478 269 514 on
287 478 372 515 vanae
390 462 488 516 redeat
505 463 614 531 sanguis
631 461 752 532 imagini,
897 479 919 518 u

239 537 327 600 Quam
344 538 421 606 virga
438 539 523 593 semel
541 538 654 592 horrida

204 611 232 665 N
234 629 268 665 on
285 612 354 666 lenis
370 613 496 682 precibus
514 613 572 666 lata
588 613 732 668 recludere

205 688 291 756 Nigro
308 689 470 758 compulerit
487 689 643 744 Mercurius
657 687 742 759 gregi.

205 763 325 818 Durum:
342 765 392 818 sed
409 765 496 818 levius
512 766 546 820 fit
561 766 694 834 patientia

240 839 380 908 Quidquid
397 841 533 910 corrigere
551 845 594 896 est
610 841 694 896 nefas
895 857 918 896 ιι

448 981 540 1036 XXV.

204 1061 327 1118 Parcius
339 1061 451 1132 junctas
468 1064 596 1133 quatiunt
612 1064 747 1120 fenestras

205 1138 311 1192 Ictibus
328 1138 432 1192 crebris
445 1137 564 1206 juvenes
580 1141 710 1207 protervi,

204 1213 265 1268 Nec
281 1213 333 1268 tibi
350 1230 459 1268 somnos
475 1215 609 1284 adimunt,
626 1219 754 1285 amatque

272 1289 362 1342 lanua
377 1289 469 1358 limen,

204 1364 281 1428 Quae
297 1365 374 1433 prius
391 1365 508 1420 multuo
525 1365 611 1420 facilis
628 1366 756 1421 movebat
898 1379 913 1417 c

204 1440 354 1506 Cardinee;
372 1441 451 1494 audis
467 1442 557 1495 minus
574 1445 604 1496 et
621 1442 710 1497 minus
723 1441 795 1511 jam:

202 1515 274 1570 “Me
290 1519 339 1568 tuo
355 1515 450 1584 longas
466 1521 600 1586 pereunte
617 1521 719 1584 noctes,

267 1591 366 1660 Lydia,
384 1591 525 1647 dormisl'’

204 1665 325 1720 Invicem
342 1668 469 1720 moechos
486 1683 554 1720 anus
571 1671 730 1736 arrogantes

202 1739 321 1794 Flebis'
313 1758 341 1794 ιιι
360 1742 417 1796 solo
433 1742 501 1796 levis
518 1743 670 1830 angiportu,
893 1758 915 1798 ιι

203 1813 317 1869 Thracio
332 1815 483 1871 bacchante
500 1818 586 1886 magis
603 1818 654 1874 sub
671 1819 752 1873 inter·

270 1891 345 1945 lunia
361 1896 451 1960 vento,

203 1959 273 2018 (lum
289 1967 340 2020 tibi
358 1933 474 2034 flagrcbs
491 1984 567 2022 amor
584 1972 614 2023 et
629 1968 715 2022 libido

204 2040 280 2104 Quae
297 2041 367 2096 solet
382 2046 486 2098 matres
502 2043 604 2098 furiare
621 2061 751 2112 equorum

205 2117 314 2171 Saeviet
331 2119 402 2172 circa
415 2117 496 2186 jecur
512 2119 673 2188 ulcerosum,
890 2145 915 2184 15

271 2193 297 2246 N
299 2210 334 2247 on
351 2194 410 2248 sine
427 2197 526 2262 questu

203 2268 289 2323 Laeta
306 2269 381 2339 quod
396 2269 484 2339 pubes
500 2269 603 2324 hedera
620 2270 726 2326 virente

203 2344 329 2398 Gaudeat
344 2345 419 2414 pulla
435 2346 522 2414 magis
539 2349 622 2415 atque
639 2351 734 2417 myrto,

203 2420 304 2474 Aridas
321 2421 432 2476 frondes
448 2422 546 2476 hiemis
563 2421 649 2478 sodali

269 2496 388 2552 Dedicat
406 2497 509 2553 Hebro.

410 2685 414 2690 .
436 2641 544 2698 XXVI.

202 2721 289 2778 Musis
305 2725 408 2780 amicus
424 2725 565 2780 tristitiam
583 2729 613 2780 et
629 2727 720 2780 metus

202 2798 319 2854 'l‘radam
336 2801 470 2870 protervis
487 2801 516 2854 iu
533 2817 608 2854 mare
628 2800 765 2854 Creticum

234 2875 350 2931 Portare
367 2877 464 2944 ventis,
482 2876 543 2944 quis
560 2876 611 2930 sub
629 2876 716 2928 Arcto

269 2951 330 3005 Rex
346 2951 455 3020 gelidae
471 2955 611 3005 metuetur
627 2965 699 3017 orae,

200 3023 273 3088 Quid
291 3027 431 3096 'tiridaten
448 3030 553 3080 terreat
569 3025 649 3078 unice
898 3037 912 3074 c

199 3099 324 3155 Securus.
358 3102 391 3168 0,
408 3117 479 3170 quae
495 3101 617 3155 fontibus
633 3101 746 3167 integris
