2044 3416
109 105 154 154 182
380 104 535 156 nonam
552 105 683 158 FLAOGI

106 183 236 240 Militiam
253 201 323 255 puer
341 189 371 241 et
390 185 554 240 Cantabrica
570 185 644 240 bella
661 185 750 241 tulisti
953 207 989 246 σε

106 259 164 314 Sub
183 259 253 315 duce
272 255 319 331 qui
338 261 449 329 templis
468 260 632 316 Parthorum
650 261 727 330 signa
745 262 838 331 refigit

106 335 133 390 N
135 353 193 402 unc,
211 340 241 392 et
261 337 284 390 si
302 337 370 406 quid
387 337 466 391 abest
482 337 561 390 ltalia
578 336 720 405 adjudicat
737 339 827 394 armis

108 413 159 480 Ac,
180 429 216 467 ne
236 415 266 468 te
284 412 409 468 retrahas
428 416 458 474 et
477 412 669 467 inexcusabilis
687 412 768 482 absis,

108 481 239 552 Quamvis
259 488 299 542 nil
317 492 396 542 extra
416 504 560 542 numerum
578 488 675 542 fecisse
690 488 856 560 modumque

108 562 202 632 (iuras,
223 563 365 618 interdum
381 563 493 632 nugaris
513 579 578 618 rure
596 567 727 633 patemo;
954 589 989 628 ω

109 638 233 692 Partitur
249 639 346 694 lintres
365 639 517 701 exereitus;
536 639 619 694 Aetia
640 655 732 708 pugna

108 713 147 768 'le
166 715 235 770 duce
252 732 303 784 per
318 731 418 784 pueros
435 714 527 768 hostili
548 730 623 768 more
641 709 774 782 refertum
823 771 827 780 ,

107 788 293 843 Adversarius
309 793 353 844 est
369 789 463 857 frater,
480 789 555 844 laeus
575 789 688 855 Hadria,
709 789 796 846 donec

108 863 285 918 Alterutrum
300 864 380 918 velox
399 864 524 918 Victoria
541 864 640 918 fronde
658 869 778 920 coronet.

113 938 275 994 Consentire
293 939 349 993 suis
368 939 468 994 studiis
487 939 534 1008 qui
552 939 702 994 crediderit
720 944 756 1006 te,

110 1012 214 1068 Fautcr
231 1019 349 1084 utroque
367 1018 445 1069 tuum
463 1014 588 1070 laudabit
602 1015 700 1084 pollice
720 1016 822 1072 ludum.

111 1087 239 1144 Protinus
256 1094 289 1146 ut
306 1107 437 1158 moneam,
457 1090 480 1144 si
497 1090 565 1158 quid
582 1091 725 1146 monitoris
742 1109 807 1160 eges
824 1095 857 1148 tu

112 1165 185 1229 Quid
202 1165 238 1222 de
256 1183 364 1236 quoque
380 1167 439 1220 viro
457 1169 486 1221 et
503 1166 546 1220 eui
564 1165 638 1220 dicas
656 1183 744 1237 saepe
754 1168 856 1223 ndeto.

112 1239 332 1296 Percontatorem
349 1241 443 1310 fugito,
461 1258 524 1296 nam
540 1241 666 1309 garrulus
684 1242 758 1296 idem
775 1247 826 1312 est,

111 1312 137 1368 N
140 1332 171 1370 ec
187 1317 306 1374 retinent
322 1318 432 1387 patulae
450 1317 592 1372 commissa
609 1317 729 1372 fideliter
745 1335 833 1388 aures,
945 1337 980 1379 aa

113 1388 150 1445 nt
166 1393 249 1448 semel
267 1392 395 1447 emissum
412 1393 485 1448 volat
503 1392 679 1448 irrevocabile
696 1393 817 1448 verbum.

113 1466 175 1521 Non
191 1468 288 1524 anedla
304 1472 382 1522 tuum
395 1467 476 1545 jecur
493 1467 597 1523 ulceret
614 1468 670 1522 ulla
686 1485 788 1538 puerve

114 1542 191 1598 Intra
207 1560 388 1598 marmoreum
405 1543 553 1600 venerandi
570 1543 653 1598 limen
670 1545 759 1616 amici,

113 1617 139 1671 N
141 1635 157 1672 e
174 1619 299 1674 domiuus
314 1619 392 1688 pueri
409 1619 515 1687 pulchri
532 1635 644 1673 caraeve
662 1621 768 1688 puellae

113 1695 227 1750 Munere
244 1698 274 1749 te
291 1711 374 1762 parvo
390 1694 456 1750 beet
473 1697 522 1750 aut
538 1694 723 1750 incommodus
739 1700 830 1765 angat
946 1712 977 1755 rs

114 1769 226 1834 Qualem
237 1769 410 1824 commendes
422 1769 506 1822 etiam
518 1773 601 1839 atque
613 1770 696 1824 etiam
707 1771 826 1840 adspice,
838 1787 873 1825 ne
885 1787 960 1828 mox

114 1843 251 1899 incutiant
268 1843 356 1896 aliena
372 1842 423 1896 tibi
440 1848 552 1910 peccata
569 1845 708 1914 pudorem.

114 1919 244 1973 Fallimur
260 1923 290 1972 et
306 1917 444 1987 quondam
460 1935 515 1972 non
532 1919 644 1987 dignum
662 1921 809 1976 tradimus:
826 1930 892 1990 argo

114 1995 200 2060 Quem
217 2011 266 2048 sua
282 1994 362 2063 culpa
378 1998 486 2063 premet
503 1995 634 2064 deceptus
651 1997 747 2051 omitte
764 1997 845 2063 tueri,

113 2070 154 2125 Ut
169 2071 278 2140 penitus
295 2074 398 2138 notum,
416 2070 439 2124 si
456 2073 565 2124 tentent
581 2071 702 2139 crimine,
720 2088 812 2128 serves
942 2097 974 2137 ω

113 2146 276 2215 'luterisque
292 2149 341 2200 tuo
358 2145 489 2200 fidentem
505 2145 657 2216 praesidio;
673 2147 721 2216 qui

113 2220 203 2274 Dente
221 2221 359 2274 Theonino
376 2237 437 2274 cum
455 2219 669 2290 circumroditur,
687 2222 786 2292 ecquid

113 2296 161 2351 Ad
177 2300 207 2350 te
224 2300 286 2365 post
302 2295 383 2366 paulo
401 2299 517 2351 ventura
533 2297 654 2366 pericula
668 2299 772 2354 sentiet

112 2372 139 2428 N
140 2389 184 2426 am
202 2374 251 2427 tua
267 2387 312 2426 res
329 2372 421 2440 agitur
436 2373 527 2445 paries
544 2389 607 2428 cum
624 2374 764 2443 proximus
781 2373 869 2442 ardet,

112 2448 150 2503 Et
166 2448 291 2518 neglecta
307 2447 396 2501 solent
406 2447 539 2502 -mcendia
557 2465 665 2504 sumere
683 2450 761 2504 vires.
942 2471 970 2511 se

113 2525 207 2579 Dulcis
223 2523 373 2602 inexpertis
391 2523 497 2576 cultura
513 2523 636 2592 potentis
654 2524 746 2578 amici:

112 2601 250 2671 Expertus
267 2599 373 2656 metuit.
408 2598 449 2652 ru
466 2598 533 2652 dum
550 2602 600 2652 tua
616 2599 693 2652 navis
710 2600 739 2654 in
756 2599 812 2654 alto
829 2603 872 2656 est

113 2677 175 2730 Hoc
190 2693 249 2746 age,
266 2693 302 2736 ne
319 2677 425 2738 mutata
441 2676 591 2731 retrorsum
608 2674 727 2728 tolerat
744 2690 818 2728 aura

112 2751 238 2824 Oderunt
255 2750 368 2804 hilarem
385 2748 480 2806 tristes
497 2747 660 2817 tristemque
674 2749 769 2817 jocosi,

112 2827 243 2880 Sedatum
260 2825 368 2890 celeres,
384 2823 484 2891 agilem
500 2839 656 2892 navumque
673 2822 795 2889 remissi3
950 2831 975 2874 ro

113 2901 226 2954 Potores
243 2899 330 2954 bibuli
347 2897 438 2954 media
454 2897 491 2959 de
507 2901 587 2952 nocte
605 2897 714 2952 Falerni

113 2974 239 3026 Oderunt
256 2976 380 3040 porrecta
397 2976 543 3042 negantem
560 2973 664 3042 poeula,
682 2972 804 3042 quamvis

114 3039 267 3096 Nocturnos
279 3045 359 3112 jures
376 3049 406 3099 te
422 3046 570 3102 formidare
587 3063 708 3115 vapores

114 3112 200 3168 Deme
217 3117 359 3182 supercilio
376 3117 492 3182 nubem;
509 3119 670 3188 plerumque
687 3123 828 3179 modestus
