2036 3416
295 108 501 182 unanimum
515 109 569 160 111.
589 110 626 160 16.
855 111 885 161 57

174 191 234 246 Nec
250 188 301 244 llos
317 205 473 260 purpureus
489 207 567 245 rosae
865 205 888 248 ιι

209 264 269 319 Nec
286 265 345 333 poti
362 265 482 320 retrrlam
499 266 574 320 lacco
592 268 672 320 tenua
689 267 756 322 cadi

423 407 503 463 XVI.

176 487 321 543 lucrosam
338 489 453 544 Danaun
470 491 555 546 turris
572 495 658 544 aenea

177 562 371 633 Robustaeque
388 566 460 619 iores
478 569 507 620 et
524 565 636 633 vigilum
653 579 750 620 eanum

177 637 280 693 'histes
297 639 428 694 excubiae
444 640 601 694 munierant
617 639 684 694 satis

212 712 359 767 Nocturnis
376 714 412 768 ab
428 715 568 783 adulteris,

178 787 277 842 Sinon
295 789 433 843 Acrisium
449 790 562 858 virginis
578 790 690 846 abditae
878 808 891 849 a

180 863 326 918 Custodem
343 865 472 932 pavidum
489 865 620 934 luppiter
636 871 666 921 et
682 867 778 921 Venus

97 995 103 1008 ,
180 937 321 1007 Risisseut,
340 941 398 995 lore
415 941 488 994 enim
504 944 596 995 tutum
612 942 666 996 iter
683 945 712 996 et
728 944 826 1010 patens
886 949 891 960 '

213 1013 348 1068 Converso
364 1015 393 1068 in
410 1016 529 1102 pretinm
547 1015 607 1070 deo.

180 1087 286 1142 Aurum
302 1106 353 1158 per
370 1089 500 1144 medios
492 1107 533 1144 1re
550 1089 683 1145 satellites

180 1162 217 1217 llt
233 1171 409 1234 perrumpere
426 1167 501 1219 amat
518 1181 584 1219 saxa
600 1164 740 1235 potentius
865 1179 888 1220 ro

180 1236 243 1292 Ictu
259 1239 401 1294 fulmineo:
419 1239 539 1294 concidit
555 1241 667 1309 auguris

179 1315 309 1382 .Argiri
327 1314 424 1369 domus
441 1315 477 1369 ob
494 1316 599 1370 luorum

181 1387 312 1443 Demersa
329 1391 428 1455 exitio;
445 1390 547 1446 diffidit
563 1391 672 1445 urbium

182 1462 277 1517 Portas
293 1465 336 1518 vir
353 1465 469 1520 Macedo
487 1470 517 1521 et
534 1466 641 1521 subruit
657 1467 777 1521 aemulos
819 1506 824 1512 .

183 1535 270 1606 Reges
286 1540 458 1607 muneribus;
475 1557 589 1596 munera
605 1541 713 1596 navium
868 1557 890 1596 ιι

215 1613 315 1668 Saevos
332 1615 480 1684 illaqueant
497 1616 587 1672 duces

184 1687 355 1745 Crescentem
373 1692 497 1760 sequitur
514 1709 579 1746 cura
596 1692 739 1763 pecuniam

183 1763 372 1836 Majommque
391 1768 485 1821 fames.
519 1768 589 1822 Jure
605 1765 747 1837 perhorrui

183 1836 249 1894 Late
266 1842 439 1911 conspicuum
457 1843 554 1897 tollere
570 1842 709 1910 verticem,

215 1915 364 2004 Maecenas,
382 1917 507 1986 equitum
525 1917 615 1972 decus.
866 1932 890 1971 ao

184 1987 288 2053 Quanto
306 1992 422 2061 quisque
441 1992 493 2046 sibi
510 1993 589 2062 plura
605 1994 753 2062 negaverit,

183 2064 227 2118 Ab
244 2066 287 2134 dis
302 2068 383 2137 plura
399 2067 485 2123 ieret:
503 2068 542 2122 nil
559 2068 728 2137 cupientium

182 2139 278 2195 Nudus
295 2147 385 2197 castra
402 2146 466 2211 peto
484 2147 514 2197 et
530 2143 672 2211 transfuga
689 2143 805 2198 divitum

215 2215 312 2272 Partes
328 2218 452 2286 linquere
470 2219 565 2286 gestio,

158 2324 162 2330 ι
182 2289 361 2362 Contemptus
377 2293 502 2347 dominus
520 2293 685 2362 splendidior
702 2299 752 2362 rei;
868 2311 890 2349 ³⁵

182 2365 267 2430 Quam
285 2367 308 2420 si
326 2367 462 2438 quidquid
479 2373 539 2424 arat
555 2369 671 2437 impiger
689 2369 796 2437 Apulus
864 2383 867 2389 ·

182 2439 326 2497 Occultare
343 2443 411 2497 meis
428 2443 535 2498 <licerer
551 2443 663 2512 horreis,
898 2447 902 2453 “

214 2516 328 2606 Magnas
345 2518 418 2572 inter
435 2535 501 2588 opes
518 2519 603 2587 inops

181 2589 270 2645 Purae
288 2593 362 2646 rivus
380 2609 467 2664 aquae
486 2593 635 2664 silvaque'
621 2609 751 2663 Jugcrum
817 2651 821 2656 ,

183 2663 334 2721 Paucorum
352 2672 381 2723 ct
398 2669 500 2737 segetis
517 2674 594 2724 certa
611 2669 680 2723 fides
697 2682 775 2721 meae
865 2681 888 2721 cc

181 2738 367 2809 Fulgentem
358 2744 473 2813 imperio
490 2745 588 2798 tortilis
606 2743 717 2798 Africae

214 2814 297 2871 Fallit
314 2822 388 2873 sorte
406 2818 479 2873 beat
459 2823 520 2874 tror.

180 2888 348 2962 Quamquam
365 2909 415 2948 nec
433 2894 566 2948 Calabrae
582 2891 664 2946 maha
680 2890 773 2945 ferunt
789 2905 854 2959 apes

179 2963 205 3018 N
207 2981 238 3020 eo
256 2966 449 3036 Laestrygonia
466 2968 589 3022 Bacchus
606 2967 634 3020 in
651 2965 781 3034 amphora

179 3038 344 3108 Languescit
360 3042 428 3095 mihi
443 3057 495 3097 nco
510 3041 622 3111 pinguia
639 3040 750 3096 Gallicis
864 3055 888 3096 aa

214 3113 349 3172 Crescunt
365 3116 467 3170 vellera
483 3118 596 3182 pascuiis,
