2008 3416
104 111 149 162 na
378 75 681 158 nonannrmccr

100 189 143 244 Tu
160 204 250 244 comes
268 189 387 244 exterior
404 189 428 243 si
445 188 566 256 postulet
583 179 625 242 ire
642 188 774 244 recusas?

101 265 199 318 “Utne
217 267 309 333 tegam
327 281 424 333 spurco
442 265 547 318 Damae
564 263 657 319 latusl
691 265 776 318 Haud
793 267 834 320 ita
851 268 962 340 'I'rojae

102 340 149 392 Mc
165 339 238 407 gessi
255 343 366 396 certans
384 357 491 408 semper
508 339 688 394 melioribus.’‘
724 341 819 408 “Ergo

102 414 211 484 Pauper
222 416 297 470 eris?
326 416 461 470 “Fortem
472 416 523 469 hoc
534 415 653 469 animum
664 415 784 470 tolerare
791 415 901 484 jubebo
907 440 917 487 ;
933 435 961 478 aa

101 491 139 544 Et
157 491 293 560 quondam
310 491 416 560 majora
432 491 491 545 tuli.
526 491 568 544 Tu
584 490 708 558 protinus
724 492 800 546 unde

101 564 218 620 Divitias
236 567 361 636 aerisque
378 583 456 620 ruam
474 565 526 633 dic,
544 582 638 634 augur,
655 567 786 621 acervos?

100 641 182 694 “Dixi
200 642 329 710 equidem
346 644 376 694 et
394 641 468 696 dico:
487 644 580 709 captes
598 645 705 695 astutus
722 642 825 712 ubique

52 756 56 764 .
101 715 276 770 Testamenta
293 732 396 783 senum,
414 733 475 782 neu,
493 716 516 769 si
533 717 695 770 valeranus
712 719 742 771 et
758 717 830 772 alter

101 791 294 845 Insidiatorem
311 807 440 860 praeroso
457 791 559 858 fugerit
575 791 664 861 hamc,
937 817 963 856 25

101 868 161 920 Aut
178 882 254 934 spem
272 866 391 934 deponas
409 869 457 920 aut
475 870 564 921 artem
582 868 678 922 illusus
695 869 813 924 omittas

100 940 202 1010 Magna
218 941 340 994 minorve
356 941 416 994 foro
433 941 457 995 si
474 958 519 996 res
537 941 689 997 certabitur
706 944 778 1012 olim,

101 1015 184 1070 Vivet
201 1019 265 1070 uter
282 1016 402 1085 locuples
420 1017 478 1071 sine
495 1018 575 1086 natis,
592 1017 739 1086 improbus,
756 1019 829 1073 ultro

101 1089 154 1152 Qui
172 1091 311 1146 meliorem
328 1092 418 1146 audax
436 1096 514 1147 vocet
530 1092 628 1161 injus,
646 1093 718 1146 illius
735 1097 795 1148 esto

20 1160 25 1168 '
102 1166 249 1233 Defensor3
265 1167 339 1221 fama
356 1169 443 1221 civem
461 1184 597 1236 causaque
614 1169 734 1236 priorem
932 1189 960 1228 ao

101 1241 214 1310 Sperne,
232 1242 307 1296 domi
325 1243 447 1296 sinatus
465 1244 519 1297 erit
536 1243 686 1298 fecundave
703 1245 809 1314 conjux.

100 1317 231 1386 ‘Quinte’
241 1322 315 1388 puta,
327 1322 376 1373 aut
387 1317 496 1384 ‘Publi’
510 1319 641 1388 (gaudent
652 1321 828 1390 praenomine
838 1321 940 1378 molles

101 1393 258 1459 Auriculae)
276 1393 343 1447 ‘tibi
361 1393 509 1448 me'virtus
526 1398 575 1448 tua
591 1395 657 1450 iecit
674 1396 805 1462 amicum3

98 1467 152 1520 Jus
170 1485 270 1537 anceps
287 1471 358 1537 novi,
377 1486 472 1524 causas
490 1471 639 1525 defendere
655 1487 779 1540 possum3

99 1543 206 1612 Eripiet
223 1545 312 1614 quivis
330 1546 421 1600 oculos
438 1546 519 1600 eitius
536 1546 609 1612 mihi,
626 1563 709 1616 quam
725 1550 756 1601 te
932 1567 960 1608 ³⁵

99 1618 294 1689 Contemptum
311 1637 386 1674 cassa
402 1638 472 1676 nuce
489 1625 636 1690 pauperet3
652 1622 719 1676 haee
736 1639 798 1677 mea
814 1639 881 1678 cura
899 1629 956 1693 est,

98 1689 126 1748 N
127 1711 143 1748 e
160 1696 228 1763 quid
245 1699 277 1750 tu
294 1697 394 1764 perdas
411 1713 466 1751 neu
483 1697 520 1750 sis
531 1697 627 1765 jocnu’
664 1697 712 1752 Ire
728 1697 838 1752 domum
855 1703 946 1770 atque

100 1768 259 1824 Pelliculam
276 1787 373 1826 curare
386 1771 469 1839 jube;
487 1773 506 1826 fi
524 1773 662 1840 cognitor3
678 1773 739 1843 ipse

99 1845 197 1899 Persta
214 1849 299 1913 atque
316 1846 430 1915 obdura,
448 1864 498 1900 seu
514 1848 598 1902 rubra
616 1849 743 1903 (ianiculo
760 1849 847 1905 findet

98 1920 224 1974 Infantes
242 1923 355 1988 statuas,
366 1938 424 1980 ,seu
441 1923 536 1991 pingui
554 1927 646 1977 tentus
663 1940 754 1978 omaso
924 1939 951 1977 ιο

99 1995 198 2050 Furius
215 1995 344 2050 hibernas
362 2013 430 2050 cana
446 1998 509 2052 nire
526 2001 656 2066 conspuet
674 1999 766 2067 Alpes.
827 1997 829 1999 ’

98 2071 125 2126 N
127 2089 195 2128 onne
213 2071 298 2141 vides,
317 2073 416 2142 aliquis
433 2069 525 2126 cubito'
544 2076 662 2126 stantem
679 2090 764 2142 prope
780 2077 899 2142 tangens

98 2147 218 2218 Inquiet,
235 2152 268 2203 ut
285 2150 400 2216 patiens,
418 2151 451 2202 ut
469 2148 563 2202 amicis
580 2153 668 2216 aptus,
686 2152 718 2202 ut
735 2151 817 2203 aceri

98 2223 195 2277 Plures
213 2224 354 2278 adnabunt
371 2223 469 2278 thunni
486 2226 516 2276 et
533 2224 635 2277 cetaria
652 2227 781 2278 crescent

98 2298 128 2352 Si
146 2299 189 2351 cui
207 2301 352 2366 praeterea
370 2299 476 2352 validus
493 2298 564 2352 male
581 2299 653 2352 iilius
670 2298 698 2351 in
710 2310 746 2352 ‘re
928 2315 957 2358 45

99 2373 243 2426 Praeclara
261 2372 384 2426 sublatus
401 2373 498 2441 aletur,
515 2390 551 2427 no
568 2375 742 2427 manifestum

99 2448 219 2504 Caelibis
237 2448 502 2517 obsequiumnudet
519 2452 556 2516 te,
573 2447 672 2503 leniter
688 2449 717 2502 in
734 2465 811 2518 spcm

98 2525 212 2594 Adrepe
229 2523 369 2593 officiosus,
386 2527 419 2578 ut
436 2527 466 2578 et
485 2524 605 2578 scribare
622 2524 757 2580 secundus

15 2591 21 2606 '
98 2599 189 2654 Heres
207 2603 243 2670 et,
261 2601 284 2654 si
302 2600 363 2670 quis
380 2616 458 2654 casus
476 2616 591 2668 puerum
609 2600 697 2669 egerit
715 2599 792 2670 Orco,

98 2675 132 2729 In
150 2693 264 2731 vacuum
281 2677 388 2731 venias:
406 2692 521 2744 perraro
538 2675 605 2730 haec
623 2675 682 2730 alea
697 2676 776 2730 fallit
928 2699 958 2740 ω

98 2751 151 2816 Qui
169 2755 365 2806 testamentum
381 2751 476 2806 tradet
492 2751 544 2806 tibi
562 2767 668 2821 cunque
685 2751 843 2821 legendum,¹

98 2827 230 2881 Abnuere
248 2831 278 2881 et
294 2827 402 2881 tabulas
419 2845 436 2882 a
453 2831 483 2882 te
501 2844 641 2882 removere
658 2832 803 2894 memento,

97 2901 142 2954 Sic
159 2905 251 2956 tamen
269 2905 301 2955 ut
317 2902 389 2956 limis
407 2904 496 2971 rapias
515 2903 582 2970 quid
599 2903 688 2972 prima
705 2902 825 2956 secundo

97 2974 169 3026 Cera
185 2977 253 3028 velit
270 2992 366 3040 versu;
387 2977 458 3030 solus
476 2978 604 3031 multisne
622 2978 741 3046 coheres,

97 3043 193 3108 Veloci
210 3064 337 3112 percurre
356 3050 438 3104 oculo.
475 3052 639 3120 Plerumque
656 3055 780 3106 recoctus
926 3071 954 3112 tt

97 3117 194 3172 Scriba
211 3135 246 3171 ex
264 3121 441 3188 quinqueviro
459 3140 567 3180 coruum
585 3127 700 3182 deludet
718 3127 849 3197 hiantem,
