2008 3416
382 117 539 169 HORATII
554 121 686 175 FLAOOI

215 192 308 259 Qualis
327 194 478 264 Lycambae
496 205 606 269 spretus
622 203 707 260 infido
724 208 810 277 gener
860 257 863 262 .

249 270 308 322 Aut
325 287 388 324 aeer
404 272 491 328 hostis
508 276 621 345 Bupalo.

217 342 261 400 An
281 344 303 397 ai
322 347 383 414 quis
402 351 463 401 atre
481 350 565 406 dente
585 371 630 410 me
648 357 779 426 petiverit

249 418 358 474 Inuitus
378 425 410 478 ut
428 423 498 480 flebo
518 431 606 498 pueri

504 571 573 629 VII.

213 643 282 714 Quo,
294 635 356 716 'quo
375 649 482 707 scelesti
502 654 602 712 ruitis?
620 661 669 713 aut
687 675 736 714 esu
756 661 879 724 dexteris

247 720 389 788 Aptantur
409 741 487 782 enses
506 732 609 786 conditi
620 735 647 788 i'

212 791 348 851 Parumne
366 802 468 869 eampis
483 807 566 874 atque
586 809 717 879 Neptuno
737 831 820 884 super

245 868 347 925 Fuaum
365 878 408 928 est
426 876 518 932 Latini
538 885 684 952 sanguinis,

211 941 275 998 Non
294 949 326 1000 ut
344 950 475 1018 superbas
493 955 601 1012 invidae
622 960 800 1033 Karthaginis
873 968 876 974 ’
990 973 991 986 ’

244 1017 382 1076 Romanus
401 1041 476 1082 arces
495 1037 595 1102 ureret,

209 1091 333 1151 Intaetus
351 1104 399 1154 aut
417 1101 565 1162 Britannus
584 1113 615 1165 ut
636 1111 816 1172 descenderet

241 1169 324 1226 Sacra
344 1178 484 1234 eatenatus
502 1181 553 1250 via,
597 1198 600 1206 ¹

206 1240 264 1298 Sed
282 1250 315 1300 ut
333 1252 482 1308 seeundum
501 1263 564 1312 vota
585 1261 747 1319 Parthorum
762 1283 815 1323 sua

242 1318 316 1373 Urbs
337 1322 404 1379 haee
421 1329 525 1395 periret
543 1333 678 1393 dextera?

205 1391 303 1462 Neque
321 1397 366 1452 hie
383 1401 455 1470 lupis
473 1422 531 1460 mos
551 1425 602 1464 nee
613 1413 672 1467 'fuit
689 1414 812 1472 leonibus

240 1467 369 1538 Unquam
389 1477 442 1530 nisi
460 1479 489 1532 in
508 1481 691 1551 disperseris.

205 1540 330 1600 Furorne
348 1563 449 1620 caecus,
468 1571 503 1609 an
522 1561 595 1627 rapit
612 1563 653 1616 vis
673 1565 766 1632 aerior,

238 1619 283 1672 An
303 1623 400 1691 eulpai
438 1627 608 1700 Responsum
629 1639 700 1695 date.

203 1690 305 1749 Tacent
324 1702 352 1752 et
369 1701 448 1756 albus
467 1723 515 1761 era
533 1711 619 1777 pallor
636 1715 723 1771 inficit

239 1768 402 1841 Mentesque
420 1783 561 1846 perculsae
581 1792 699 1858 stupent.

201 1840 246 1895 sic
266 1848 325 1900 eat:
345 1851 443 1904 acerba
461 1855 518 1910 fata
537 1859 672 1919 Romanos
690 1871 774 1934 agunt

235 1915 381 1990 Scelusque
400 1925 538 1986 fraternae
556 1939 636 2005 neeis,

201 1989 241 2045 Ut
258 1992 427 2055 immerentis
445 2003 525 2060 fluxit
543 2010 571 2064 in
590 2015 692 2068 terram
711 2015 790 2074 Remi
851 2059 854 2064 ι

232 2065 315 2124 Sacer
332 2077 477 2144 nepotibus
491 2099 578 2141 eruor.

196 2289 314 2346 nonme
334 2295 416 2365 lenge
433 2306 557 2370 putidam
575 2312 605 2364 te
623 2315 719 2386 seemo,

230 2366 310 2420 Vires
329 2371 396 2438 quid
415 2385 528 2436 enervet
545 2393 636 2442 meas!

193 2439 263 2494 Cum
283 2443 320 2498 sit
337 2446 388 2502 tibi
406 2451 474 2508 dens
492 2461 552 2512 ater
569 2465 600 2515 et
617 2466 692 2533 rugis
712 2471 792 2524 vetus

227 2516 358 2576 Frontem
376 2533 502 2584 senectus
520 2542 621 2605 exaret,

192 2589 315 2664 Hietque
335 2601 423 2670 turpis
441 2605 514 2661 inter
533 2613 624 2668 aridas
642 2620 721 2674 nates
929 2641 942 2682 t

226 2667 321 2726 Podex
341 2677 416 2731 velut
435 2683 536 2738 crudae
555 2687 639 2746 beria

190 2741 247 2797 Sed
265 2747 363 2804 incitat
381 2768 425 2807 me
442 2762 538 2823 peetus
559 2767 589 2818 et
606 2781 740 2824 mammae
758 2775 864 2844 putres,

225 2818 332 2886 Equina
352 2828 447 2893 quales
466 2833 560 2907 ubera,

191 2885 349 2963 Venterque
368 2903 456 2955 mellis
475 2911 504 2959 et
522 2910 610 2965 femur
628 2915 804 2975 tumentibus

225 2963 303 3019 Exile
324 2973 393 3025 suris
413 2977 545 3036 additum.
916 3016 938 3056 lt

191 3031 258 3087 Esto
277 3037 364 3109 beata,
383 3047 464 3102 fimus
484 3057 567 3122 atque
586 3059 718 3130 imagines

225 3103 332 3164 Ducant
349 3117 528 3188 triumphales
545 3132 631 3202 tuum,
