2008 3416
384 67 539 118 HORATII
555 67 687 116 FLAOOI

248 148 353 216 Glavos,
370 163 424 202 non
441 147 561 200 animum
579 149 663 211 metu,

283 224 345 277 Non
362 223 457 284 mortis
474 220 579 290 laqueis
597 220 728 290 expedies
745 225 845 289 caput'

250 298 424 367 Campestres
441 297 538 350 melius
556 295 672 365 Scythae

283 374 404 438 Quorum
412 374 535 442 plaustra
544 387 627 439 vagas
636 371 689 426 rite
699 373 813 428 trahunt
822 372 922 430 domos
952 393 993 434 ιο,

253 449 366 518 Vivunt,
384 452 414 504 et
430 447 513 517 rigidi
531 448 619 502 Getae

287 525 434 578 Immetata
451 523 550 592 quibus
563 522 665 591 jugera
681 523 782 580 liberas

251 599 357 668 Fruges
375 603 405 654 et
423 600 552 654 Cererem
569 599 670 666 femmt,

287 676 313 729 N
316 691 347 729 ec
363 675 471 729 cultura
487 675 579 744 placet
595 675 700 743 longior
717 692 814 746 annua,

252 749 472 819 Defunctumque
489 749 628 804 laboribus
954 771 985 808 rs

286 826 405 894 Aequali
422 830 532 880 recreat
546 829 620 880 sorte
637 826 758 884 vicarius

209 897 210 900 '
253 901 314 956 lllic
331 904 420 955 matre
438 901 594 955 carentibus

285 977 421 1045 Privignis
437 977 536 1030 mulier
553 977 716 1047 temperat
708 995 844 1052 innocens,

252 1053 279 1108 N
281 1070 312 1107 ec
330 1047 425 1106 dotata
442 1053 514 1120 regit
531 1052 620 1106 virum

287 1128 353 1198 Gonj
356 1145 394 1182 ux
411 1145 462 1182 nec
478 1127 566 1182 nitido
585 1128 647 1182 fidit
663 1129 797 1186 adultero.
950 1153 982 1190 ιο

251 1205 309 1259 Dos
327 1209 370 1258 est
387 1220 486 1272 magna
502 1204 658 1272 parentium

290 1281 388 1354 Virtus
405 1283 434 1334 et
451 1281 577 1334 metuens
595 1279 708 1334 alterius
725 1279 777 1335 viri

253 1355 338 1412 cerro
355 1355 467 1409 foedere
485 1355 611 1420 eastitas;

287 1433 325 1486 Et
341 1447 455 1500 peccare
471 1431 549 1484 nefas
566 1433 615 1484 aut
631 1431 752 1500 pretium
770 1437 817 1487 est
829 1432 906 1490 mori.

253 1507 277 1562 O
296 1507 419 1576 quisquis
436 1506 510 1560 volet
527 1506 625 1575 impias
948 1529 977 1566 ιε

287 1582 392 1637 (laedes
410 1585 439 1636 et
456 1581 561 1636 rabiem
578 1581 676 1636 tollere
694 1582 812 1652 civicam,

253 1658 284 1714 si
303 1661 418 1726 quaeret
436 1658 534 1711 Panna
552 1671 664 1711 unarum

287 1731 426 1788 subscribi
445 1733 550 1800 statuis,
568 1733 730 1788 indomitam
749 1735 854 1788 audeat

246 1808 404 1864 'Refrenare
422 1807 567 1875 licentiam,
992 1847 993 1852 ,

287 1883 383 1936 Clarus
400 1883 580 1952 postgenitis3
598 1887 741 1953 quatenus,
759 1884 814 1939 heu
831 1883 923 1942 nefas!
946 1887 993 1942 ιο

255 1958 397 2014 Virtutem
413 1955 579 2012 incolumem
598 1959 712 2027 odimus,

286 2034 427 2090 Sublatam
446 2051 481 2088 ex
500 2034 585 2088 oculis
604 2037 760 2103 quaerimus
778 2034 871 2092 invidi.

255 2111 330 2176 Quid
347 2112 443 2165 tristes
462 2111 648 2180 querimoniae

287 2187 387 2240 Sinon
406 2185 539 2254 supplicio
558 2185 638 2254 culpa
656 2186 810 2260 reciditurl

253 2260 327 2326 Quid
343 2261 418 2328 leges
437 2261 496 2314 sine
520 2260 642 2315 moribus
889 2269 890 2275 ’
944 2277 993 2326 ³⁵3

192 2345 195 2350 ¹
287 2335 384 2388 Vanae
400 2335 552 2404 proficiunt,
571 2336 594 2389 si
612 2353 703 2406 neque
719 2337 832 2393 fervidis

257 2409 326 2465 Pars
343 2410 446 2464 inclusa
463 2411 597 2465 caloribus
780 2448 783 2454 ,

286 2485 384 2540 Mundi
401 2501 451 2540 nec
469 2486 574 2540 Boreae
592 2487 737 2542 finitimum
753 2487 826 2540 latus

253 2563 429 2630 Durataeque
447 2561 503 2616 solo
520 2562 596 2616 nives
992 2573 993 2622 ξ

287 2638 468 2692 Mercatorem
486 2637 606 2706 abigunt,
587 2639 736 2693 thori-ida
752 2625 844 2693 callidi
943 2656 993 2695 ιο]

254 2713 378 2768 Vincunt
395 2729 514 2782 aequora
529 2713 646 2782 navitae,
992 2711 993 2756 l

286 2788 417 2856 Magnum
433 2788 578 2858 pauperies
595 2789 794 2858 opprobriumJ
787 2787 865 2845 ubet
992 2835 993 2864 q

187 2870 205 2904 ⁰
253 2863 367 2928 Quidvis
386 2867 415 2918 et
431 2865 520 2918 facere
538 2867 567 2918 et
584 2865 650 2932 pati,
992 2871 993 2914 l

287 2939 463 3007 Virtutisque
480 2939 552 2992 viam
569 2939 672 2993 deserit
689 2938 813 2995 arduael

252 3010 306 3066 vel
323 3029 372 3066 nos
389 3013 418 3065 in
436 3013 599 3080 Capitolium
938 3026 962 3068 st
992 2997 993 3092 i

288 3085 348 3148 Quo
364 3085 466 3138 clamor
482 3090 561 3140 vocat
578 3090 608 3140 et
624 3087 708 3142 turba
723 3087 881 3159 faventium,
992 3095 993 3170 l
