<?xml version="1.0" encoding="UTF-8"?>
<!DOCTYPE html PUBLIC "-//W3C//DTD XHTML 1.0 Transitional//EN"
    "http://www.w3.org/TR/xhtml1/DTD/xhtml1-transitional.dtd">
<html xmlns="http://www.w3.org/1999/xhtml" xml:lang="en" lang="en">
 <head>
  <title>
</title>
<meta http-equiv="Content-Type" content="text/html;charset=utf-8" />
  <meta name='ocr-system' content='tesseract 3.04.00' />
  <meta name='ocr-capabilities' content='ocr_page ocr_carea ocr_par ocr_line ocrx_word'/>
</head>
<body>
  <div class='ocr_page' id='page_1' title='image "./quintihoratiifl01maclgoog_0061.png"; bbox 0 0 2036 3416; ppageno 0'>
   <div class='ocr_carea' id='block_1_1' title="bbox 401 145 703 194">
    <p class='ocr_par' dir='ltr' id='par_1_1' title="bbox 401 145 703 194">
     <span class='ocr_line' id='line_1_1' title="bbox 401 145 703 194; baseline -0.007 0"><span class='ocrx_word' id='word_1_1' title='bbox 401 145 556 194; x_wconf 86' lang='lat' dir='ltr'><strong>HORATII</strong></span> <span class='ocrx_word' id='word_1_2' title='bbox 571 145 703 193; x_wconf 76' lang='lat' dir='ltr'>FLAOOI</span> 
     </span>
    </p>
   </div>
   <div class='ocr_carea' id='block_1_2' title="bbox 247 224 837 806">
    <p class='ocr_par' dir='ltr' id='par_1_2' title="bbox 247 224 837 806">
     <span class='ocr_line' id='line_1_2' title="bbox 265 224 837 298; baseline -0.009 -14"><span class='ocrx_word' id='word_1_3' title='bbox 265 226 373 297; x_wconf 76' lang='lat' dir='ltr'><strong>injecta</strong></span> <span class='ocrx_word' id='word_1_4' title='bbox 389 225 519 280; x_wconf 78' lang='lat' dir='ltr'><strong>monstris</strong></span> <span class='ocrx_word' id='word_1_5' title='bbox 537 224 622 278; x_wconf 76' lang='lat' dir='ltr'><strong>Terra</strong></span> <span class='ocrx_word' id='word_1_6' title='bbox 639 224 715 298; x_wconf 85' lang='lat' dir='ltr'><strong>dolet</strong></span> <span class='ocrx_word' id='word_1_7' title='bbox 733 224 789 280; x_wconf 87' lang='lat' dir='ltr'><strong>suis</strong></span> <span class='ocrx_word' id='word_1_8' title='bbox 834 233 837 238; x_wconf 88' lang='lat'>&#39;</span> 
     </span>
     <span class='ocr_line' id='line_1_3' title="bbox 264 299 807 370; baseline -0.009 -12"><span class='ocrx_word' id='word_1_9' title='bbox 264 301 428 370; x_wconf 86' lang='lat' dir='ltr'><strong>Maeretque</strong></span> <span class='ocrx_word' id='word_1_10' title='bbox 444 302 540 370; x_wconf 88' lang='lat' dir='ltr'><strong>partus</strong></span> <span class='ocrx_word' id='word_1_11' title='bbox 557 299 671 352; x_wconf 83' lang='lat' dir='ltr'>fulmine</span> <span class='ocrx_word' id='word_1_12' title='bbox 688 299 807 354; x_wconf 90' lang='lat' dir='ltr'><strong>luridum</strong></span> 
     </span>
     <span class='ocr_line' id='line_1_4' title="bbox 298 375 782 444; baseline -0.006 -13"><span class='ocrx_word' id='word_1_13' title='bbox 298 377 399 432; x_wconf 89' lang='lat' dir='ltr'><strong>Missos</strong></span> <span class='ocrx_word' id='word_1_14' title='bbox 416 375 457 430; x_wconf 71' lang='lat' dir='ltr'><strong>ad⁴</strong></span> <span class='ocrx_word' id='word_1_15' title='bbox 471 375 572 428; x_wconf 87' lang='lat' dir='ltr'><strong>Orcum</strong></span> <span class='ocrx_word' id='word_1_16' title='bbox 581 395 589 440; x_wconf 93' lang='lat'>;</span> <span class='ocrx_word' id='word_1_17' title='bbox 606 391 657 428; x_wconf 88' lang='lat' dir='ltr'><strong>neo</strong></span> <span class='ocrx_word' id='word_1_18' title='bbox 673 375 782 444; x_wconf 81' lang='lat' dir='ltr'>peredit</span> 
     </span>
     <span class='ocr_line' id='line_1_5' title="bbox 335 449 811 520; baseline -0.002 -15"><span class='ocrx_word' id='word_1_19' title='bbox 335 451 496 520; x_wconf 88' lang='lat' dir='ltr'><strong>Impositam</strong></span> <span class='ocrx_word' id='word_1_20' title='bbox 512 449 586 504; x_wconf 89' lang='lat' dir='ltr'><strong>celer</strong></span> <span class='ocrx_word' id='word_1_21' title='bbox 602 449 674 518; x_wconf 82' lang='lat' dir='ltr'><strong>ignis</strong></span> <span class='ocrx_word' id='word_1_22' title='bbox 692 451 811 518; x_wconf 79' lang='lat' dir='ltr'>Aetnen,</span> 
     </span>
     <span class='ocr_line' id='line_1_6' title="bbox 266 523 720 594; baseline -0.011 -11"><span class='ocrx_word' id='word_1_23' title='bbox 266 526 465 584; x_wconf 85' lang='lat' dir='ltr'><strong>Incontinentis</strong></span> <span class='ocrx_word' id='word_1_24' title='bbox 482 540 534 580; x_wconf 89' lang='lat' dir='ltr'><strong>nec</strong></span> <span class='ocrx_word' id='word_1_25' title='bbox 552 525 625 594; x_wconf 81' lang='lat' dir='ltr'>Tityi</span> <span class='ocrx_word' id='word_1_26' title='bbox 638 523 720 594; x_wconf 87' lang='lat' dir='ltr'><strong>jecur</strong></span> 
     </span>
     <span class='ocr_line' id='line_1_7' title="bbox 247 600 757 671; baseline -0.008 -13"><span class='ocrx_word' id='word_1_27' title='bbox 247 602 391 671; x_wconf 77' lang='lat' dir='ltr'><strong>,Reliquit</strong></span> <span class='ocrx_word' id='word_1_28' title='bbox 408 601 471 670; x_wconf 83' lang='lat' dir='ltr'><strong>ales,</strong></span> <span class='ocrx_word' id='word_1_29' title='bbox 489 600 628 670; x_wconf 82' lang='lat' dir='ltr'><strong>nequitiae</strong></span> <span class='ocrx_word' id='word_1_30' title='bbox 645 600 757 654; x_wconf 85' lang='lat' dir='ltr'><strong>additus</strong></span> 
     </span>
     <span class='ocr_line' id='line_1_8' title="bbox 301 677 762 747; baseline -0.002 -17"><span class='ocrx_word' id='word_1_31' title='bbox 301 677 417 747; x_wconf 74' lang='lat' dir='ltr'><strong>Custos3</strong></span> <span class='ocrx_word' id='word_1_32' title='bbox 433 679 582 730; x_wconf 84' lang='lat' dir='ltr'><strong>amatorem</strong></span> <span class='ocrx_word' id='word_1_33' title='bbox 599 678 738 730; x_wconf 83' lang='lat' dir='ltr'><strong>trecentae</strong></span> <span class='ocrx_word' id='word_1_34' title='bbox 760 699 762 704; x_wconf 94' lang='lat'>·</span> 
     </span>
     <span class='ocr_line' id='line_1_9' title="bbox 335 749 771 806; baseline 0 0"><span class='ocrx_word' id='word_1_35' title='bbox 335 751 490 806; x_wconf 79' lang='lat' dir='ltr'><strong>Pirithoum</strong></span> <span class='ocrx_word' id='word_1_36' title='bbox 507 749 637 805; x_wconf 88' lang='lat' dir='ltr'><strong>cohibent</strong></span> <span class='ocrx_word' id='word_1_37' title='bbox 653 752 771 806; x_wconf 80' lang='lat' dir='ltr'><strong>catenae.</strong></span> 
     </span>
    </p>
   </div>
   <div class='ocr_carea' id='block_1_3' title="bbox 535 889 563 946">
    <p class='ocr_par' dir='ltr' id='par_1_3' title="bbox 535 889 563 946">
     <span class='ocr_line' id='line_1_10' title="bbox 535 889 563 946; baseline 0 0"><span class='ocrx_word' id='word_1_38' title='bbox 535 889 563 946; x_wconf 87' lang='lat' dir='ltr'>V</span> 
     </span>
    </p>
   </div>
   <div class='ocr_carea' id='block_1_4' title="bbox 263 969 832 2921">
    <p class='ocr_par' dir='ltr' id='par_1_4' title="bbox 263 969 832 2921">
     <span class='ocr_line' id='line_1_11' title="bbox 268 969 832 1031; baseline -0.009 0"><span class='ocrx_word' id='word_1_39' title='bbox 268 974 362 1031; x_wconf 71' lang='lat' dir='ltr'><strong>Ounno</strong></span> <span class='ocrx_word' id='word_1_40' title='bbox 381 973 531 1028; x_wconf 78' lang='lat' dir='ltr'><strong>Tonantem</strong></span> <span class='ocrx_word' id='word_1_41' title='bbox 548 972 716 1028; x_wconf 81' lang='lat' dir='ltr'><strong>credidimus</strong></span> <span class='ocrx_word' id='word_1_42' title='bbox 733 969 832 1026; x_wconf 90' lang='lat' dir='ltr'><strong>Jovem</strong></span> 
     </span>
     <span class='ocr_line' id='line_1_12' title="bbox 268 1046 821 1120; baseline -0.011 -14"><span class='ocrx_word' id='word_1_43' title='bbox 268 1050 411 1118; x_wconf 82' lang='lat' dir='ltr'><strong>Regnare:</strong></span> <span class='ocrx_word' id='word_1_44' title='bbox 428 1065 559 1120; x_wconf 86' lang='lat' dir='ltr'><strong>praesens</strong></span> <span class='ocrx_word' id='word_1_45' title='bbox 577 1049 656 1103; x_wconf 88' lang='lat' dir='ltr'><strong>divus</strong></span> <span class='ocrx_word' id='word_1_46' title='bbox 673 1046 821 1102; x_wconf 85' lang='lat' dir='ltr'><strong>habebitur</strong></span> 
     </span>
     <span class='ocr_line' id='line_1_13' title="bbox 301 1123 738 1194; baseline -0.014 -12"><span class='ocrx_word' id='word_1_47' title='bbox 301 1128 445 1194; x_wconf 79' lang='lat' dir='ltr'><strong>Augustus</strong></span> <span class='ocrx_word' id='word_1_48' title='bbox 462 1124 579 1193; x_wconf 87' lang='lat' dir='ltr'><strong>adjectis</strong></span> <span class='ocrx_word' id='word_1_49' title='bbox 598 1123 738 1178; x_wconf 81' lang='lat' dir='ltr'><strong>Britarmis</strong></span> 
     </span>
     <span class='ocr_line' id='line_1_14' title="bbox 336 1197 772 1270; baseline -0.005 -16"><span class='ocrx_word' id='word_1_50' title='bbox 336 1201 456 1270; x_wconf 88' lang='lat' dir='ltr'><strong>Imperio</strong></span> <span class='ocrx_word' id='word_1_51' title='bbox 473 1199 655 1268; x_wconf 76' lang='lat' dir='ltr'><strong>gravibusque</strong></span> <span class='ocrx_word' id='word_1_52' title='bbox 674 1197 772 1252; x_wconf 88' lang='lat' dir='ltr'><strong>Persis.</strong></span> 
     </span>
     <span class='ocr_line' id='line_1_15' title="bbox 267 1273 762 1342; baseline -0.01 -10"><span class='ocrx_word' id='word_1_53' title='bbox 267 1275 384 1332; x_wconf 87' lang='lat' dir='ltr'><strong>Mileene</strong></span> <span class='ocrx_word' id='word_1_54' title='bbox 404 1275 495 1330; x_wconf 78' lang='lat' dir='ltr'><strong>Crassi</strong></span> <span class='ocrx_word' id='word_1_55' title='bbox 512 1274 627 1342; x_wconf 88' lang='lat' dir='ltr'><strong>conjuge</strong></span> <span class='ocrx_word' id='word_1_56' title='bbox 644 1273 762 1328; x_wconf 85' lang='lat' dir='ltr'><strong>barbara</strong></span> 
     </span>
     <span class='ocr_line' id='line_1_16' title="bbox 268 1349 774 1418; baseline -0.01 -12"><span class='ocrx_word' id='word_1_57' title='bbox 268 1351 366 1418; x_wconf 75' lang='lat' dir='ltr'><strong>Turpis</strong></span> <span class='ocrx_word' id='word_1_58' title='bbox 383 1351 498 1405; x_wconf 88' lang='lat' dir='ltr'><strong>maritus</strong></span> <span class='ocrx_word' id='word_1_59' title='bbox 515 1349 584 1404; x_wconf 84' lang='lat' dir='ltr'><strong>vixit</strong></span> <span class='ocrx_word' id='word_1_60' title='bbox 601 1352 631 1404; x_wconf 88' lang='lat' dir='ltr'><strong>et</strong></span> <span class='ocrx_word' id='word_1_61' title='bbox 647 1349 774 1416; x_wconf 87' lang='lat' dir='ltr'><strong>hostium,</strong></span> 
     </span>
     <span class='ocr_line' id='line_1_17' title="bbox 302 1425 745 1494; baseline -0.014 -11"><span class='ocrx_word' id='word_1_62' title='bbox 302 1427 357 1484; x_wconf 89' lang='lat' dir='ltr'><strong>Pro</strong></span> <span class='ocrx_word' id='word_1_63' title='bbox 373 1427 448 1480; x_wconf 85' lang='lat' dir='ltr'><strong>curia</strong></span> <span class='ocrx_word' id='word_1_64' title='bbox 464 1425 622 1494; x_wconf 80' lang='lat' dir='ltr'><strong>inversique</strong></span> <span class='ocrx_word' id='word_1_65' title='bbox 639 1427 745 1478; x_wconf 86' lang='lat' dir='ltr'><strong>mores!</strong></span> 
     </span>
     <span class='ocr_line' id='line_1_18' title="bbox 337 1499 802 1555; baseline -0.004 -1"><span class='ocrx_word' id='word_1_66' title='bbox 337 1501 486 1555; x_wconf 72' lang='lat' dir='ltr'><strong>consenuit</strong></span> <span class='ocrx_word' id='word_1_67' title='bbox 504 1516 657 1554; x_wconf 84' lang='lat' dir='ltr'><strong>socerorum</strong></span> <span class='ocrx_word' id='word_1_68' title='bbox 674 1499 702 1553; x_wconf 91' lang='lat' dir='ltr'><strong>in</strong></span> <span class='ocrx_word' id='word_1_69' title='bbox 720 1499 802 1553; x_wconf 81' lang='lat' dir='ltr'><strong>armis</strong></span> 
     </span>
     <span class='ocr_line' id='line_1_19' title="bbox 267 1575 818 1644; baseline -0.007 -13"><span class='ocrx_word' id='word_1_70' title='bbox 267 1575 325 1632; x_wconf 81' lang='lat' dir='ltr'><strong>Sub</strong></span> <span class='ocrx_word' id='word_1_71' title='bbox 342 1593 408 1644; x_wconf 85' lang='lat' dir='ltr'><strong>rege</strong></span> <span class='ocrx_word' id='word_1_72' title='bbox 426 1575 511 1630; x_wconf 89' lang='lat' dir='ltr'><strong>Medo</strong></span> <span class='ocrx_word' id='word_1_73' title='bbox 529 1575 637 1630; x_wconf 86' lang='lat' dir='ltr'><strong>Mersus</strong></span> <span class='ocrx_word' id='word_1_74' title='bbox 655 1577 686 1629; x_wconf 90' lang='lat' dir='ltr'><strong>et</strong></span> <span class='ocrx_word' id='word_1_75' title='bbox 703 1575 818 1644; x_wconf 82' lang='lat' dir='ltr'><strong>Apulus,</strong></span> 
     </span>
     <span class='ocr_line' id='line_1_20' title="bbox 268 1651 764 1718; baseline -0.006 -11"><span class='ocrx_word' id='word_1_76' title='bbox 268 1652 438 1707; x_wconf 83' lang='lat' dir='ltr'><strong>Anciliorurn</strong></span> <span class='ocrx_word' id='word_1_77' title='bbox 456 1655 485 1705; x_wconf 90' lang='lat' dir='ltr'><strong>et</strong></span> <span class='ocrx_word' id='word_1_78' title='bbox 502 1651 619 1706; x_wconf 87' lang='lat' dir='ltr'><strong>nominis</strong></span> <span class='ocrx_word' id='word_1_79' title='bbox 637 1653 667 1704; x_wconf 91' lang='lat' dir='ltr'><strong>et</strong></span> <span class='ocrx_word' id='word_1_80' title='bbox 683 1653 764 1718; x_wconf 86' lang='lat' dir='ltr'><strong>togae</strong></span> 
     </span>
     <span class='ocr_line' id='line_1_21' title="bbox 303 1725 742 1794; baseline -0.005 -14"><span class='ocrx_word' id='word_1_81' title='bbox 303 1727 412 1781; x_wconf 84' lang='lat' dir='ltr'><strong>Oblitus</strong></span> <span class='ocrx_word' id='word_1_82' title='bbox 430 1730 612 1794; x_wconf 82' lang='lat' dir='ltr'><strong>aeternaeque</strong></span> <span class='ocrx_word' id='word_1_83' title='bbox 631 1725 742 1792; x_wconf 88' lang='lat' dir='ltr'><strong>Vestae,</strong></span> 
     </span>
     <span class='ocr_line' id='line_1_22' title="bbox 337 1799 816 1855; baseline 0 -1"><span class='ocrx_word' id='word_1_84' title='bbox 337 1801 469 1855; x_wconf 82' lang='lat' dir='ltr'><strong>Incolumi</strong></span> <span class='ocrx_word' id='word_1_85' title='bbox 487 1801 557 1854; x_wconf 83' lang='lat' dir='ltr'><strong>Jove</strong></span> <span class='ocrx_word' id='word_1_86' title='bbox 575 1803 605 1854; x_wconf 88' lang='lat' dir='ltr'><strong>et</strong></span> <span class='ocrx_word' id='word_1_87' title='bbox 622 1799 691 1853; x_wconf 87' lang='lat' dir='ltr'><strong>urbe</strong></span> <span class='ocrx_word' id='word_1_88' title='bbox 710 1800 816 1854; x_wconf 84' lang='lat' dir='ltr'><strong>Romal</strong></span> 
     </span>
     <span class='ocr_line' id='line_1_23' title="bbox 269 1874 798 1945; baseline 0 -15"><span class='ocrx_word' id='word_1_89' title='bbox 269 1874 330 1930; x_wconf 88' lang='lat' dir='ltr'><strong>Hoc</strong></span> <span class='ocrx_word' id='word_1_90' title='bbox 347 1879 456 1930; x_wconf 86' lang='lat' dir='ltr'><strong>caverat</strong></span> <span class='ocrx_word' id='word_1_91' title='bbox 472 1892 552 1930; x_wconf 85' lang='lat' dir='ltr'><strong>mene</strong></span> <span class='ocrx_word' id='word_1_92' title='bbox 566 1875 682 1945; x_wconf 86' lang='lat' dir='ltr'><strong>provida</strong></span> <span class='ocrx_word' id='word_1_93' title='bbox 700 1874 798 1944; x_wconf 85' lang='lat' dir='ltr'><strong>Reguli</strong></span> 
     </span>
     <span class='ocr_line' id='line_1_24' title="bbox 267 1950 683 2006; baseline -0.005 0"><span class='ocrx_word' id='word_1_94' title='bbox 267 1950 465 2006; x_wconf 86' lang='lat' dir='ltr'><strong>Dissentientis</strong></span> <span class='ocrx_word' id='word_1_95' title='bbox 482 1950 683 2004; x_wconf 81' lang='lat' dir='ltr'><strong>conditionibus</strong></span> 
     </span>
     <span class='ocr_line' id='line_1_25' title="bbox 302 2025 744 2094; baseline -0.002 -14"><span class='ocrx_word' id='word_1_96' title='bbox 302 2025 403 2080; x_wconf 80' lang='lat' dir='ltr'><strong>Foedis</strong></span> <span class='ocrx_word' id='word_1_97' title='bbox 420 2029 450 2080; x_wconf 91' lang='lat' dir='ltr'><strong>et</strong></span> <span class='ocrx_word' id='word_1_98' title='bbox 467 2027 592 2094; x_wconf 86' lang='lat' dir='ltr'><strong>exemplo</strong></span> <span class='ocrx_word' id='word_1_99' title='bbox 610 2025 744 2081; x_wconf 84' lang='lat' dir='ltr'><strong>trahentis</strong></span> 
     </span>
     <span class='ocr_line' id='line_1_26' title="bbox 336 2101 786 2169; baseline 0 -15"><span class='ocrx_word' id='word_1_100' title='bbox 336 2101 490 2156; x_wconf 88' lang='lat' dir='ltr'><strong>Perniciem</strong></span> <span class='ocrx_word' id='word_1_101' title='bbox 506 2102 619 2157; x_wconf 85' lang='lat' dir='ltr'><strong>veniens</strong></span> <span class='ocrx_word' id='word_1_102' title='bbox 636 2101 665 2154; x_wconf 90' lang='lat' dir='ltr'><strong>in</strong></span> <span class='ocrx_word' id='word_1_103' title='bbox 682 2102 786 2169; x_wconf 84' lang='lat' dir='ltr'><strong>aevum,</strong></span> 
     </span>
     <span class='ocr_line' id='line_1_27' title="bbox 266 2175 707 2246; baseline -0.009 -14"><span class='ocrx_word' id='word_1_104' title='bbox 266 2176 297 2232; x_wconf 80' lang='lat' dir='ltr'><strong>si</strong></span> <span class='ocrx_word' id='word_1_105' title='bbox 313 2193 368 2230; x_wconf 88' lang='lat' dir='ltr'><strong>non</strong></span> <span class='ocrx_word' id='word_1_106' title='bbox 385 2179 489 2246; x_wconf 86' lang='lat' dir='ltr'><strong>periret</strong></span> <span class='ocrx_word' id='word_1_107' title='bbox 506 2175 707 2230; x_wconf 87' lang='lat' dir='ltr'><strong>immiserabilis</strong></span> 
     </span>
     <span class='ocr_line' id='line_1_28' title="bbox 267 2247 828 2321; baseline -0.009 -14"><span class='ocrx_word' id='word_1_108' title='bbox 267 2252 382 2321; x_wconf 76' lang='lat' dir='ltr'><strong>Captiva</strong></span> <span class='ocrx_word' id='word_1_109' title='bbox 398 2251 493 2320; x_wconf 88' lang='lat' dir='ltr'><strong>pubes.</strong></span> <span class='ocrx_word' id='word_1_110' title='bbox 528 2251 632 2319; x_wconf 79' lang='lat' dir='ltr'><strong>“Signa</strong></span> <span class='ocrx_word' id='word_1_111' title='bbox 649 2265 700 2319; x_wconf 85' lang='lat' dir='ltr'><strong>ego</strong></span> <span class='ocrx_word' id='word_1_112' title='bbox 718 2247 828 2304; x_wconf 85' lang='lat' dir='ltr'><strong>Punicis</strong></span> 
     </span>
     <span class='ocr_line' id='line_1_29' title="bbox 302 2325 683 2382; baseline -0.003 0"><span class='ocrx_word' id='word_1_113' title='bbox 302 2325 404 2382; x_wconf 82' lang='lat' dir='ltr'><strong>Adfixa</strong></span> <span class='ocrx_word' id='word_1_114' title='bbox 421 2326 543 2380; x_wconf 89' lang='lat' dir='ltr'><strong>delubris</strong></span> <span class='ocrx_word' id='word_1_115' title='bbox 561 2331 591 2380; x_wconf 91' lang='lat' dir='ltr'><strong>et</strong></span> <span class='ocrx_word' id='word_1_116' title='bbox 607 2343 683 2380; x_wconf 84' lang='lat' dir='ltr'><strong>arma</strong></span> 
     </span>
     <span class='ocr_line' id='line_1_30' title="bbox 334 2399 767 2470; baseline -0.002 -18"><span class='ocrx_word' id='word_1_117' title='bbox 334 2399 470 2458; x_wconf 88' lang='lat' dir='ltr'><strong>Militibus</strong></span> <span class='ocrx_word' id='word_1_118' title='bbox 488 2401 546 2454; x_wconf 90' lang='lat' dir='ltr'><strong>sine</strong></span> <span class='ocrx_word' id='word_1_119' title='bbox 564 2401 669 2470; x_wconf 87' lang='lat' dir='ltr'><strong>caede‚’&#39;</strong></span> <span class='ocrx_word' id='word_1_120' title='bbox 687 2399 767 2467; x_wconf 84' lang='lat' dir='ltr'><strong>dixit,</strong></span> 
     </span>
     <span class='ocr_line' id='line_1_31' title="bbox 266 2473 760 2544; baseline -0.002 -15"><span class='ocrx_word' id='word_1_121' title='bbox 266 2473 409 2544; x_wconf 87' lang='lat' dir='ltr'><strong>“Derepta</strong></span> <span class='ocrx_word' id='word_1_122' title='bbox 426 2476 500 2542; x_wconf 87' lang='lat' dir='ltr'><strong>vidi;</strong></span> <span class='ocrx_word' id='word_1_123' title='bbox 517 2477 574 2530; x_wconf 90' lang='lat' dir='ltr'><strong>vidi</strong></span> <span class='ocrx_word' id='word_1_124' title='bbox 592 2493 643 2544; x_wconf 85' lang='lat' dir='ltr'><strong>ego</strong></span> <span class='ocrx_word' id='word_1_125' title='bbox 660 2477 760 2530; x_wconf 87' lang='lat' dir='ltr'><strong>civium</strong></span> 
     </span>
     <span class='ocr_line' id='line_1_32' title="bbox 266 2550 710 2621; baseline -0.005 -15"><span class='ocrx_word' id='word_1_126' title='bbox 266 2550 384 2606; x_wconf 75' lang='lat' dir='ltr'><strong>Retenta</strong></span> <span class='ocrx_word' id='word_1_127' title='bbox 400 2555 479 2621; x_wconf 85' lang='lat' dir='ltr'><strong>tergo</strong></span> <span class='ocrx_word' id='word_1_128' title='bbox 497 2551 607 2606; x_wconf 85' lang='lat' dir='ltr'><strong>brachia</strong></span> <span class='ocrx_word' id='word_1_129' title='bbox 624 2551 710 2616; x_wconf 87' lang='lat' dir='ltr'><strong>libero</strong></span> 
     </span>
     <span class='ocr_line' id='line_1_33' title="bbox 299 2626 772 2696; baseline 0 -16"><span class='ocrx_word' id='word_1_130' title='bbox 299 2626 451 2696; x_wconf 87' lang='lat' dir='ltr'><strong>Portasque</strong></span> <span class='ocrx_word' id='word_1_131' title='bbox 469 2643 522 2680; x_wconf 93' lang='lat' dir='ltr'><strong>non</strong></span> <span class='ocrx_word' id='word_1_132' title='bbox 539 2627 643 2681; x_wconf 84' lang='lat' dir='ltr'><strong>clausas</strong></span> <span class='ocrx_word' id='word_1_133' title='bbox 661 2631 772 2680; x_wconf 76' lang='lat' dir='ltr'><strong>eterra</strong></span> 
     </span>
     <span class='ocr_line' id='line_1_34' title="bbox 332 2702 755 2771; baseline -0.005 -16"><span class='ocrx_word' id='word_1_134' title='bbox 332 2702 424 2755; x_wconf 85' lang='lat' dir='ltr'><strong>Marte</strong></span> <span class='ocrx_word' id='word_1_135' title='bbox 440 2703 492 2756; x_wconf 89' lang='lat' dir='ltr'><strong>coli</strong></span> <span class='ocrx_word' id='word_1_136' title='bbox 508 2703 637 2771; x_wconf 85' lang='lat' dir='ltr'><strong>populata</strong></span> <span class='ocrx_word' id='word_1_137' title='bbox 654 2704 755 2755; x_wconf 89' lang='lat' dir='ltr'><strong>nostro.</strong></span> 
     </span>
     <span class='ocr_line' id='line_1_35' title="bbox 263 2776 717 2845; baseline -0.004 -14"><span class='ocrx_word' id='word_1_138' title='bbox 263 2777 342 2832; x_wconf 89' lang='lat' dir='ltr'><strong>Auro</strong></span> <span class='ocrx_word' id='word_1_139' title='bbox 359 2793 489 2845; x_wconf 86' lang='lat' dir='ltr'><strong>repensus</strong></span> <span class='ocrx_word' id='word_1_140' title='bbox 508 2778 611 2830; x_wconf 86' lang='lat' dir='ltr'><strong>scilicet</strong></span> <span class='ocrx_word' id='word_1_141' title='bbox 627 2776 717 2830; x_wconf 84' lang='lat' dir='ltr'><strong>acrior</strong></span> 
     </span>
     <span class='ocr_line' id='line_1_36' title="bbox 263 2850 744 2921; baseline -0.006 -14"><span class='ocrx_word' id='word_1_142' title='bbox 263 2852 345 2907; x_wconf 83' lang='lat' dir='ltr'><strong>Miles</strong></span> <span class='ocrx_word' id='word_1_143' title='bbox 363 2851 471 2906; x_wconf 88' lang='lat' dir='ltr'><strong>redibit.</strong></span> <span class='ocrx_word' id='word_1_144' title='bbox 507 2851 623 2921; x_wconf 80' lang='lat' dir='ltr'><strong>Flagitio</strong></span> <span class='ocrx_word' id='word_1_145' title='bbox 640 2850 744 2906; x_wconf 85' lang='lat' dir='ltr'><strong>additis</strong></span> 
     </span>
    </p>
   </div>
   <div class='ocr_carea' id='block_1_5' title="bbox 262 2925 836 3218">
    <p class='ocr_par' dir='ltr' id='par_1_5' title="bbox 262 2925 836 3218">
     <span class='ocr_line' id='line_1_37' title="bbox 297 2925 806 2997; baseline -0.008 -17"><span class='ocrx_word' id='word_1_146' title='bbox 297 2927 449 2982; x_wconf 86' lang='lat' dir='ltr'><strong>Damnum:</strong></span> <span class='ocrx_word' id='word_1_147' title='bbox 466 2943 556 2997; x_wconf 91' lang='lat' dir='ltr'><strong>neque</strong></span> <span class='ocrx_word' id='word_1_148' title='bbox 573 2927 686 2981; x_wconf 85' lang='lat' dir='ltr'><strong>amissos</strong></span> <span class='ocrx_word' id='word_1_149' title='bbox 702 2925 806 2980; x_wconf 85' lang='lat' dir='ltr'><strong>colores</strong></span> 
     </span>
     <span class='ocr_line' id='line_1_38' title="bbox 331 3002 836 3076; baseline -0.006 -20"><span class='ocrx_word' id='word_1_150' title='bbox 331 3002 407 3076; x_wconf 78' lang='lat' dir='ltr'><strong>Lana</strong></span> <span class='ocrx_word' id='word_1_151' title='bbox 423 3004 509 3056; x_wconf 83' lang='lat' dir='ltr'><strong>refert</strong></span> <span class='ocrx_word' id='word_1_152' title='bbox 525 3003 661 3057; x_wconf 82' lang='lat' dir='ltr'><strong>medicata</strong></span> <span class='ocrx_word' id='word_1_153' title='bbox 677 3003 747 3068; x_wconf 83' lang='lat' dir='ltr'><strong>fuco,</strong></span> <span class='ocrx_word' id='word_1_154' title='bbox 834 3059 836 3064; x_wconf 57' lang='grc'>,</span> 
     </span>
     <span class='ocr_line' id='line_1_39' title="bbox 262 3072 807 3130; baseline -0.006 -1"><span class='ocrx_word' id='word_1_155' title='bbox 262 3075 289 3129; x_wconf 89' lang='lat' dir='ltr'>N</span> <span class='ocrx_word' id='word_1_156' title='bbox 291 3091 322 3128; x_wconf 89' lang='lat' dir='ltr'><strong>ec</strong></span> <span class='ocrx_word' id='word_1_157' title='bbox 339 3091 403 3130; x_wconf 82' lang='lat' dir='ltr'><strong>vera</strong></span> <span class='ocrx_word' id='word_1_158' title='bbox 419 3077 506 3130; x_wconf 85' lang='lat' dir='ltr'><strong>virtus</strong></span> <span class='ocrx_word' id='word_1_159' title='bbox 524 3093 584 3130; x_wconf 87' lang='lat' dir='ltr'><strong>eum</strong></span> <span class='ocrx_word' id='word_1_160' title='bbox 603 3077 686 3130; x_wconf 89' lang='lat' dir='ltr'><strong>semel</strong></span> <span class='ocrx_word' id='word_1_161' title='bbox 703 3072 807 3130; x_wconf 84' lang='lat' dir='ltr'><strong>excidit</strong></span> 
     </span>
     <span class='ocr_line' id='line_1_40' title="bbox 263 3149 667 3218; baseline 0 -15"><span class='ocrx_word' id='word_1_162' title='bbox 263 3149 349 3204; x_wconf 79' lang='lat' dir='ltr'><strong>Curat</strong></span> <span class='ocrx_word' id='word_1_163' title='bbox 365 3151 459 3218; x_wconf 91' lang='lat' dir='ltr'><strong>reponi</strong></span> <span class='ocrx_word' id='word_1_164' title='bbox 477 3149 667 3205; x_wconf 84' lang='lat' dir='ltr'><strong>deterioribus.</strong></span> 
     </span>
    </p>
   </div>
   <div class='ocr_carea' id='block_1_6' title="bbox 0 0 1026 3416">
    <p class='ocr_par' dir='ltr' id='par_1_6' title="bbox 0 0 1026 3416">
     <span class='ocr_line' id='line_1_41' title="bbox 0 0 1026 3416; baseline 0 0"><span class='ocrx_word' id='word_1_165' title='bbox 0 0 1026 3416; x_wconf 95' lang='lat' dir='ltr'><strong> </strong></span> 
     </span>
    </p>
   </div>
  </div>
 </body>
</html>
