2044 3416
112 105 158 153 194
385 104 539 158 HORATII
556 109 686 160 FLACOE

111 182 178 237 Post
194 183 262 238 haec
278 184 325 239 ille
342 189 419 240 catus
437 190 611 256 quantumvis
622 189 754 243 rusticus:
772 189 859 257 “Ibit,

111 258 171 312 Ibit
187 276 220 312 eo
237 276 291 327 quo
308 260 350 314 vis
367 261 414 329 qui
432 279 526 316 nonam
543 264 689 332 perdidit‚''
708 263 803 333 inquit
940 281 968 322 so
1010 239 1011 260 ᾖ

40 367 44 377 ·
111 333 215 388 Romae
232 335 332 389 nutriri
349 337 416 390 mihi
434 339 555 406 contigit,
573 343 657 408 atque
674 339 766 393 doceri

112 409 205 464 Iratus
223 410 312 465 Graiis
330 416 461 480 quantum
479 414 616 486 nocuisset
634 415 764 478 Achilles.

112 485 249 553 Adjecere
266 485 352 541 bonae
369 489 450 557 paulo
467 490 529 556 plus
546 489 615 543 artis
633 489 767 554 Athenae,

112 560 222 616 Scilicet
238 565 270 616 ut
287 563 384 617 vellem
402 580 483 617 curuo
500 564 660 632 dignoscere
678 568 791 634 rectum,

112 638 207 706 Atque
224 637 297 692 inter
314 639 395 693 silvas
414 639 547 693 Academi
565 657 696 708 quaerero
714 657 816 696 verum.
942 657 969 696 15

112 711 189 766 Dura
207 713 256 766 sed
273 729 398 768 emovere
416 715 473 768 loco
489 731 534 768 me
552 719 677 784 tempora
694 719 781 784 grato,

113 787 259 856 civilisque
277 788 374 842 rudem
391 789 457 842 belli
474 790 540 844 tulit
558 795 650 844 aestus
667 791 696 844 in
712 807 788 846 arma

112 861 236 916 Caesaris
255 864 374 932 Augusti
390 881 444 918 non
461 881 625 934 responsura
641 865 758 920 lacertis.

111 937 194 992 Unde
211 939 290 992 11111111
307 939 426 1007 primum
443 957 487 994 me
505 941 633 995 dimisere
652 940 779 1010 Philippi,

111 1012 218 1068 Decisis
235 1014 364 1068 humilem
381 1016 477 1084 pennis
494 1017 656 1085 inopemque
672 1015 781 1086 paterni
940 1031 966 1072 so

111 1089 149 1144 Et
166 1091 230 1144 laris
248 1094 277 1144 et
294 1091 379 1157 fundi,
396 1093 544 1160 paupertas
561 1092 671 1160 impulit
688 1092 785 1159 audax,

111 1165 153 1220 Ut
169 1182 263 1220 versus
280 1167 411 1221 facerem:
428 1167 478 1220 sed
495 1167 569 1236 quod
586 1184 640 1220 non
658 1167 730 1221 desit
746 1166 893 1222 habentem

112 1241 188 1306 Quae
204 1243 334 1310 poterunt
350 1259 469 1311 unquam
488 1242 555 1296 satis
572 1259 723 1311 expurgare
740 1243 850 1308 cicutae,

111 1317 137 1372 N
139 1317 149 1370 i
166 1318 262 1372 melius
280 1317 399 1372 dormire
415 1321 511 1386 putem
529 1334 610 1385 quam
628 1317 747 1371 scribere
764 1317 877 1371 versusl

111 1391 223 1462 Singula
240 1393 276 1448 de
292 1393 370 1446 nobis
387 1394 449 1446 anni
467 1393 635 1466 praedantur
653 1396 763 1458 euntcs;
937 1405 964 1446 55

111 1468 244 1538 Eripuere
257 1468 341 1536 jocos,
355 1467 493 1534 uenerem,
511 1468 641 1534 convivia,
659 1467 769 1534 ludum;

110 1543 239 1598 Tendunt
256 1547 420 1612 extorquere
436 1547 577 1612 poemata3
595 1543 662 1612 quid
678 1543 774 1597 faciam
791 1543 850 1598 visi

110 1617 237 1688 Denique
253 1636 307 1674 non
325 1635 418 1674 omnes
436 1619 532 1672 eadem
549 1619 684 1672 mirantur
700 1620 859 1686 armantque:

110 1693 236 1749 Carmine
254 1699 286 1748 tu
302 1694 413 1762 gaudes,
430 1693 474 1748 hic
492 1693 645 1748 delectatur
662 1694 766 1761 iambis,
837 1735 842 1744 ⁴

110 1769 163 1824 llle
181 1770 288 1823 Bioneis
306 1769 475 1822 sermonibus
493 1772 522 1822 et
540 1771 597 1823 sale
614 1771 699 1838 nigro.
936 1784 962 1822 eo
1010 1843 1011 1846 ,

110 1845 177 1898 'lres
194 1845 261 1898 mihi
278 1843 405 1898 convivae
422 1860 507 1912 prope
525 1844 669 1898 dissentire
686 1843 820 1912 videntur,

110 1919 257 1975 Poscentes
274 1919 348 1972 vario
365 1919 482 1973 multum
500 1919 608 1973 diversa
625 1920 722 1988 palato.

110 1995 183 2060 Quid
195 1995 276 2050 demi
294 1993 361 2063 quid
372 2011 426 2048 non
438 1994 518 2048 demi
535 1995 628 2048 renuis
640 1998 672 2048 tu
683 1994 757 2064 quod
764 1993 847 2063 jubet
859 1994 941 2062 alter3

110 2071 190 2136 Quod
207 2071 279 2140 petis
296 2071 327 2124 id
344 2087 410 2124 sane
427 2073 470 2124 est
487 2070 603 2124 invisum
623 2070 784 2139 acidumque
802 2069 917 2124 duobus.

110 2145 224 2202 Praeter
241 2150 349 2201 caetera
366 2163 411 2199 me
429 2145 567 2199 Romaene
584 2149 710 2214 poemata
727 2161 821 2200 censes
934 2161 961 2200 cs
1010 2155 1011 2192 ἐ

109 2222 235 2277 Scribere
252 2239 330 2291 posse
348 2222 420 2275 inter
437 2225 481 2275 tot
498 2238 577 2275 curas
595 2225 692 2290 totque
709 2220 833 2274 labores?

109 2297 164 2352 Hic
181 2314 308 2366 sponsum
326 2300 411 2362 vocat,
429 2297 474 2350 hic
490 2297 614 2350 auditum
633 2297 733 2364 scripta
750 2290 853 2350 relictis

109 2373 243 2428 Omnibus
260 2371 353 2425 officiis
362 2392 369 2437 ;
386 2371 468 2425 cubat
485 2371 528 2426 hic
546 2372 574 2424 in
592 2371 659 2426 colle
679 2371 791 2439 Quirini,

109 2450 164 2506 Hic
182 2451 304 2504 extremo
321 2447 349 2500 in
368 2449 512 2516 Aveninc,
531 2447 659 2502 visendus
678 2451 809 2514 uterque;

109 2524 258 2581 Intervalla
274 2522 351 2578 vides
368 2522 485 2576 humane
503 2522 651 2577 commoda
686 2522 790 2576 Verum
935 2537 958 2577 ro

108 2601 198 2658 Purae
216 2603 279 2654 sunt
296 2599 410 2669 plateae,
428 2597 495 2651 nihil
513 2602 545 2653 ut
561 2597 759 2652 meditantibus
776 2597 875 2651 obstet.

108 2676 232 2742 Festinat
249 2675 353 2730 calidus
369 2674 450 2728 mulis
467 2674 624 2742 gerulisque
641 2673 807 2742 redemptor,

108 2753 228 2823 Torquet
246 2767 317 2804 nunc
334 2750 461 2819 lapidem,
479 2765 552 2802 nunc
568 2749 664 2816 ingens
683 2749 808 2802 machina
824 2747 939 2816 tignum,
1010 2751 1011 2824 i

108 2827 207 2884 Tristia
223 2825 343 2882 robustis
361 2826 500 2878 luctantur
519 2825 613 2877 lunera
630 2824 766 2892 plaustris,

108 2902 170 2958 Huc
186 2902 294 2956 rabiosa
310 2901 382 2969 fugit
399 2901 478 2968 oanis,
497 2900 548 2953 hac
565 2898 701 2953 lutulenta
718 2900 773 2953 ruit
791 2914 850 2952 sus:
932 2911 956 2953 15
1010 2911 1011 2932 ¹

109 2977 124 3030 1
142 2993 212 3029 nunc
230 2981 259 3029 et
276 2992 371 3029 versus
388 2979 479 3029 tecum
496 2973 631 3027 meditare
648 2990 766 3028 canoros.
793 2983 797 2996 ⁴

109 3049 277 3115 Scriptorum
294 3050 391 3102 chorus
409 3051 494 3101 omnis
512 3053 586 3102 amat
603 3065 700 3102 nemus
718 3053 747 3103 et
764 3049 835 3117 fugit
851 3049 954 3116 urbem,
1010 3053 1011 3114 l

110 3119 176 3174 Rite
193 3121 276 3173 cliens
294 3123 392 3174 Bacchi
410 3137 503 3174 somno
519 3123 665 3190 gaudentis
683 3127 713 3178 et
730 3124 840 3180 umbra:
