2036 3416
103 117 135 168 22

380 122 533 172 HORATII
551 123 680 171 FLAGCI

276 201 423 256 Consultus
440 217 509 268 erro,
527 217 598 254 nunc
616 205 767 257 retrorsum

311 273 381 330 Vela
398 277 464 330 dare
481 279 565 345 atque
581 275 681 332 iterare
697 291 794 331 cursus

243 352 332 421 Cogor
348 353 473 407 relictos:
490 369 608 422 namque
626 350 770 422 Diespiter.
945 377 958 418 a

243 427 307 497 igni
323 446 433 484 corusco
450 428 544 484 nubila
562 429 687 484 dividens

277 505 449 576 Plerumque,
467 523 517 576 per
534 523 632 575 purum
650 511 777 562 tonantes

311 582 377 650 Egit
394 600 478 652 equos
495 583 686 653 volucremque
705 602 820 656 currum,

243 657 303 722 Quo
320 657 402 712 bruta
420 659 501 711 tellus
519 663 547 713 et
565 675 633 727 vaga
651 660 769 727 flumina,

243 733 304 797 Quo
322 733 388 801 Styx
407 737 436 786 et
453 734 531 786 invisi
550 734 660 788 horrida
678 735 791 789 Taenari
939 751 962 792 lo
1001 758 1002 796 l

278 808 363 862 Sedes
383 809 584 877 Atlanteusque
602 810 664 863 finis

312 883 479 938 (lonoutitur.
515 885 597 939 Valet
614 886 669 939 ima
686 885 797 940 summis

244 959 353 1014 Mutare
371 963 400 1013 et
417 960 550 1028 insignem
568 964 692 1016 attenuat
709 963 777 1015 deus

244 1033 367 1088 Obscura
383 1052 528 1105 promens;
546 1037 609 1090 hine
626 1037 729 1104 apicem
747 1053 831 1107 rapax

279 1109 399 1164 Fortuna
417 1128 478 1165 enm
496 1111 613 1164 stridore
631 1115 710 1166 acuto
936 1128 960 1169 1⁵

313 1185 436 1256 Sustulit,
454 1187 498 1240 lrie
515 1187 637 1256 posuisse
654 1187 763 1255 gaudet

473 1326 590 1381 XXXV.

245 1410 268 1464 O
286 1429 361 1479 nrvn,
379 1413 489 1479 gratnm
506 1427 576 1479 quae
594 1409 666 1478 regis
685 1410 807 1480 Antium,

245 1485 377 1540 Praesens
395 1486 437 1540 vel
454 1486 509 1539 imo
526 1486 623 1539 tollere
641 1486 676 1539 de
693 1487 782 1554 gradu

278 1562 395 1615 Mortale
413 1577 509 1630 corpus
526 1561 569 1614 uel
587 1560 719 1629 superbos

313 1637 429 1691 Vertere
446 1636 587 1691 funeribus
604 1636 764 1706 triumphos,
831 1637 840 1643 ’
1007 1694 1008 1710 ¹

244 1713 283 1766 'le
299 1729 403 1781 pauper
420 1712 506 1767 ambit
524 1712 639 1766 sollicita
657 1729 737 1782 prece
950 1733 962 1769 s

245 1789 328 1842 Ruris
345 1788 461 1857 colonus,
479 1792 508 1842 te
525 1788 662 1850 dominam
680 1789 804 1857 aequoris

279 1863 438 1932 Quicunque
456 1863 574 1932 Bithyna
591 1863 700 1917 lacessit

313 1938 489 2007 Carpathium
506 1939 618 2007 pelagus
637 1939 734 1992 canna.

243 2014 283 2068 'l'e
301 2013 391 2068 Dacus
408 2031 495 2083 asper,
514 2019 542 2069 te
560 2014 667 2082 profugi
685 2013 800 2081 Scythae

244 2089 389 2162 Urbesque
405 2095 556 2159 gentesque
574 2093 603 2142 et
621 2087 729 2142 Latium
747 2089 824 2141 ferox
936 2104 960 2144 ro

278 2166 438 2235 Regumquc
456 2169 557 2219 matres
575 2163 753 2217 barbarorum
770 2166 799 2217 et

313 2240 446 2308 Purpurei
464 2243 591 2294 metuunt
607 2239 721 2308 tyranni,

245 2316 380 2384 injurioso
397 2332 433 2368 ne
449 2315 520 2383 pede
538 2330 651 2382 proruas

245 2392 369 2446 Stantem
387 2391 546 2457 columnam,
564 2405 618 2442 nen
635 2389 750 2458 populus
767 2389 896 2458 frequens

278 2465 327 2520 Ad
343 2483 418 2520 arma
435 2469 578 2532 cessantes,
597 2464 634 2518 ad
651 2481 727 2518 anna
935 2480 959 2521 ιε

312 2541 437 2595 Concitet
453 2541 651 2608 imperiumque
668 2541 782 2607 frangat

244 2617 281 2673 Te
299 2633 407 2686 semper
424 2616 511 2670 anteit
529 2632 609 2669 saeva
627 2615 784 2668 Necessitas

244 2693 340 2749 Olavos
357 2691 476 2747 trabales
493 2695 523 2745 et
540 2707 638 2745 euneos
656 2706 738 2742 uranu

277 2770 396 2825 (lestans
413 2773 488 2836 aena,
506 2783 556 2822 nec
574 2782 685 2820 severus

310 2845 404 2900 Uncus
421 2844 500 2898 abest
515 2843 705 2913 liquidumque
721 2841 870 2912 plumbum.
933 2856 959 2896 eo

243 2921 282 2976 'le
299 2920 368 2990 Spes
385 2925 415 2975 et
432 2919 495 2974 albo
512 2937 575 2974 rara
593 2919 677 2973 rides
695 2919 760 2972 colit

244 2995 343 3050 Velata
359 3013 449 3064 penno
466 3013 516 3051 nec
533 2996 661 3050 comitem
679 2995 802 3062 abnegat,

278 3070 425 3138 Utcunque
442 3075 549 3125 mutata
567 3073 693 3140 potentes

312 3143 399 3198 Veste
417 3144 512 3198 domos
529 3144 638 3198 inimica
654 3143 762 3214 linquis
