2044 3416
308 89 561 138 EPISTOLARUM
578 89 600 138 1.
620 89 658 139 15.
865 83 911 138 175

43 171 93 226 Me
114 171 256 224 constare
272 170 337 222 mihi
356 171 415 236 seis,
434 174 464 224 et
481 169 623 223 discedere
639 168 758 233 tristem

45 247 288 313 Quandocunque
305 246 418 298 trahunt
434 246 520 300 invisa
536 245 646 312 negotia
664 245 786 298 Romam.

45 323 70 375 N
73 339 113 376 on
133 321 242 376 eadem
260 322 404 386 miramur3
421 338 454 375 eo
471 321 639 375 disconvenit
656 321 730 374 inter

45 397 158 466 Meque
181 401 213 450 et
231 400 275 450 te:
292 413 355 450 nam
373 414 443 466 quae
461 398 570 452 deserta
587 401 616 451 et
632 396 769 464 inhospita
784 397 860 448 tesca

46 473 155 526 Credis
175 487 294 524 amoena
310 477 389 526 vocat
406 489 512 526 mecum
530 473 578 541 qui
596 472 688 538 sentit,
707 474 736 524 et
754 471 814 524 odit
888 483 912 524 ao

47 549 132 611 Quae
150 551 189 600 tu
206 547 319 616 pulchra
336 552 423 616 putas.
460 549 561 602 Fornix
577 547 629 602 tibi
647 551 676 602 et
692 549 774 601 uncta
790 544 891 615 popina

47 623 206 676 Incutiunt
224 621 300 674 urbis
318 623 493 692 desiderium,
511 625 598 690 video,
616 627 645 678 et
662 623 737 692 quod

48 699 190 766 Angelus
207 698 261 751 iste
278 697 351 752 feret
368 699 446 768 piper
464 704 494 753 et
511 700 575 754 thus
594 699 667 752 ocius
684 715 745 768 uva,

48 775 115 827 Nee
133 774 227 826 vicina
245 773 340 827 subest
356 775 448 828 vinum
464 775 598 844 praebere
615 774 730 828 taberna

49 850 135 913 Quae
154 848 246 917 possit
262 848 322 918 tibi,
339 867 390 904 nec
407 852 539 905 meretrix
556 851 675 918 tibicina,
693 850 770 919 cujus
890 862 914 902 25

50 925 104 978 Ad
123 925 277 991 strepitum
294 925 374 979 salias
391 929 481 980 terrae
499 927 600 994 gravis:
619 930 758 980 ettamen
776 940 858 992 urges

50 1001 238 1069 Jampridem
254 1018 308 1054 non
325 1005 400 1056 tacta
417 1002 551 1070 ligonibus
569 1019 634 1055 arva
651 1000 803 1069 bovemque

52 1076 240 1142 Disjunctum
257 1093 335 1131 curas
353 1082 382 1132 et
401 1079 502 1132 strictis
520 1077 663 1132 frondibus
681 1077 789 1145 exples;

52 1151 153 1206 Addit
173 1168 241 1220 opus
259 1153 337 1221 pigro
354 1154 435 1222 rivus,
454 1155 477 1207 si
495 1154 598 1208 decidit
615 1153 710 1219 imber,

52 1227 153 1280 Multa
172 1227 245 1280 mole
261 1228 400 1282 docendus
417 1231 508 1298 aprico
526 1245 638 1298 parcere
655 1231 741 1297 prato.
891 1239 914 1278 so

52 1302 81 1354 N
83 1319 143 1355 unc
163 1319 216 1369 age
235 1303 302 1370 quid
319 1309 442 1358 nostrum
460 1308 620 1358 concentum
639 1303 744 1357 dividat
761 1302 832 1357 audi.

54 1380 152 1442 Quem
172 1382 270 1432 tenues
289 1379 406 1434 decuere
423 1384 504 1448 togae
521 1380 657 1447 nitidique
674 1379 771 1447 capilli,

55 1455 153 1519 Quem
175 1453 227 1505 scis
244 1453 391 1509 immunem
411 1456 525 1510 Cinarae
542 1454 675 1523 placuisse
692 1453 790 1522 rapaci,

58 1532 158 1594 Quem
177 1527 300 1582 bibulum
317 1530 413 1598 liquidi
431 1531 521 1584 media
539 1531 574 1584 de
591 1529 651 1584 luce
671 1529 788 1596 Falerni,

56 1605 157 1657 Coena
169 1603 260 1657 brevis
268 1604 349 1672 juvat
361 1610 389 1658 et
401 1622 485 1674 prope
498 1607 585 1667 rivum
598 1620 706 1658 somnus
717 1605 746 1655 in
757 1601 856 1665 herba;
890 1615 914 1654 ss

55 1679 86 1732 N
89 1696 122 1732 ec
140 1678 238 1732 lusisse
255 1679 342 1748 pudet
360 1680 480 1734 sednon
497 1680 618 1734 incidere
636 1679 739 1732 ludum.

58 1755 87 1808 N
88 1771 126 1807 on
145 1753 210 1807 istic
227 1755 335 1823 obliquo
353 1756 429 1810 oculo
447 1772 508 1809 mea
525 1755 665 1809 commoda
682 1753 824 1822 quisquam

57 1830 166 1895 Limat,
185 1845 238 1882 non
256 1830 318 1882 odio
336 1830 451 1884 obscuro
468 1847 614 1900 morsuque
631 1831 763 1893 venenat3

59 1905 172 1982 Rident
190 1904 270 1958 vicini
287 1905 380 1972 glebas
399 1909 428 1958 et
446 1922 511 1960 saxa
528 1899 689 1960 moventem.

58 1981 135 2034 Uum
156 1980 241 2033 servis
259 1980 363 2034 urbana
380 1981 467 2034 diaria
484 1980 582 2034 rodere
600 1980 698 2032 mavis:
892 1991 915 2030 ro

59 2055 175 2108 Horum
194 2057 226 2108 tu
243 2055 272 2108 in
289 2072 431 2109 numerum
449 2060 512 2109 voto
530 2053 725 2120 ruis3-invidet
742 2067 822 2106 usum

59 2128 217 2198 Lignorum
232 2134 262 2184 et
278 2133 383 2199 pecoris
400 2131 452 2184 tibi
470 2131 527 2184 calo
545 2133 659 2204 argutus
677 2132 707 2182 et
723 2128 805 2181 horti.

60 2205 154 2274 Optat
171 2204 299 2274 ephippia
316 2206 373 2274 bos,
390 2207 468 2274 piger
485 2209 563 2274 optat
580 2221 657 2258 arare
677 2202 810 2268 caballus;
889 2217 891 2221 ·

61 2281 155 2346 Quam
173 2280 225 2335 scit
242 2284 359 2350 uterque
376 2280 466 2335 libens
483 2279 598 2337 censebo
616 2282 742 2334 exerceat
761 2281 854 2332 artem.

463 2423 525 2478 XV.

62 2505 149 2570 Quen
168 2503 204 2558 sit
218 2504 307 2563 hiems
325 2505 429 2574 Veliae,
447 2506 522 2574 quod
538 2505 649 2574 caelum,
669 2503 746 2570 Vale,
768 2502 880 2568 Salerni,

63 2583 190 2646 Quorum
201 2579 339 2634 hominum
351 2581 426 2648 regio
439 2585 467 2634 et
479 2581 567 2650 qualis
579 2582 630 2648 via,
644 2583 716 2646 (nam
728 2577 795 2631 mihi
807 2577 888 2630 Baias

64 2658 149 2710 Musa
167 2671 347 2724 supervacuas
367 2657 503 2710 Antonius
521 2660 551 2711 et
568 2661 661 2710 tamen
679 2653 733 2706 illis

65 2732 114 2786 Me
133 2730 199 2784 facit
216 2731 339 2799 invisum,
357 2731 449 2800 gelida
466 2748 527 2786 cum
544 2731 655 2801 perluor
671 2726 745 2780 unda

64 2807 122 2860 Per
140 2805 260 2860 medium
278 2807 371 2874 frigus.
407 2807 477 2861 Sane
494 2809 615 2860 murteta
632 2802 750 2872 relinqui
899 2803 912 2844 ὕ

65 2880 204 2948 Dictaque
222 2885 375 2935 cessantem
392 2882 482 2935 nervis
500 2882 602 2935 elidere
620 2879 745 2934 morbum

66 2954 206 3024 Sulphura
222 2957 359 3010 contemni
377 2957 451 3010 vicus
468 2958 562 3025 gemit,
580 2956 688 3010 invidus
706 2952 802 3021 aeguo,

66 3031 120 3096 Qui
139 3038 222 3100 caput
240 3036 269 3085 et
287 3033 455 3086 stomachum
474 3049 625 3101 supponere
644 3031 764 3085 fontibus
782 3026 886 3081 audent

67 3105 188 3161 Clusinis
206 3105 362 3175 Gabiosque
379 3109 478 3176 petunt
495 3113 524 3162 et
540 3108 642 3176 frigida
659 3123 730 3163 rura.
